; Automatic transactions to deduct paypal fees.
= ^Accrued:Paypal  & expr(amount > $0.00 and payee != "Adjustments")
	Expenses:Transaction Fees		($0.30 + 0.029*amount)
		; :AutomaticallyGeneratedPosting:
	Accrued:Paypal				(-$0.30 - 0.029*amount)
		; :AutomaticallyGeneratedPosting:

2017/08/10 ! Boulder Committee on Rights and Compensation (uninc. org.)
	;Receipt: documentation/2017/08/21/Transferring_BCRC_assets_to_CRC.pdf
	;Balance of community organization's account.
	Liability:BCRC community org:checking			$125.00
	Liability:BCRC community org:savings			$5.00
	Liability:Gregor Robinson
	Income:Dues		-$20.00
		;Payee: Gregor Robinson (greg.a.robi@gmail.com)
		; =[2017/07/13]
		;:EnteredOnRoster:
		; MembershipExpires:: [2018/07/13]
		; MembershipRenewed:: [2018/07/18]
	Income:Dues		-$20.00
		;Payee: Peter Shaffery (pshaff2@gmail.com)
		; =[2017/07/13]
		;:EnteredOnRoster:
		; MembershipExpires:: [2018/07/13]
		; MembershipRenewed:: [2018/07/18]
	Income:Dues		-$10.00
		;Payee: Carly Anderson Stewart (cranderss@gmail.com)
		; =[2017/07/13]
		;:EnteredOnRoster:
		; MembershipExpires:: [2018/01/13]
		; MembershipRenewed:: [2018/02/02]
	Income:Dues		-$20.00
		;Payee: Nick Vail (Tsar.vail@gmail.com)
		; =[2017/07/13]
		;:EnteredOnRoster:
		; MembershipExpires:: [2018/07/13]
		; :Departed:
		; On leave of absence as of 2018-08-19.
	Income:Dues		-$20.00
		;Payee: Alex Wolf-Root (runnerforlife86@gmail.com)
		; =[2017/07/13]
		;:EnteredOnRoster:
		; MembershipExpires:: [2018/07/13]
		; MembershipRenewed:: [2018/07/30]
	Income:Dues		-$20.00
		;Payee: Devin Brent Pettigrew (dpettig08@gmail.com)
		; =[2017/07/13]
		;:EnteredOnRoster:
		; MembershipExpires:: [2018/07/13]
		; MembershipRenewed:: [2018/07/27]
	Income:Dues		-$10.00
		;Payee: Peter Wills (peter.wills@colorado.edu)
		; =[2017/07/13]
		; MembershipExpires:: [2018/07/13]
		; :Departed:
	Income:Dues		-$20.00
		;Payee: Pat Sprenger (sprenger.pat.g@gmail.com)
		; =[2017/07/26]
		;:EnteredOnRoster:
		; MembershipExpires:: [2018/07/26]
		; MembershipRenewed:: [2018/08/18]

2017/08/10 ! Colorado Secretary of State
	;Incorporating as a non-profit organization
	;Receipt: documentation/2017/08/10/Incorporation_Receipt.pdf
	Expenses:Legal Filings					$50.00
	Liability:Peter Shaffery                		-$50.00
		;Note that Peter put this on his credit card to be reimbursed, observe on reciept that amount was paid by CC

2017/08/10 ! Colorado Secretary of State
	;Charitable organization registration
	;Receipt: documentation/2017/08/10/Charity_Registration_Receipt.pdf
	Expenses:Legal Filings					$10.00
	Liability:Gregor Robinson				-$10.00
		;Note that Gregor put this on his credit card to be reimbursed, observe on reciept that amount was paid by CC

2017/08/10 ! IRS
	;Notice of intent to operate as a 501(c)(4), paid via Pay.gov
	;Receipt: documentation/2017/08/10/NoticeOfIntent501c4_Receipt.pdf
	Expenses:Legal Filings					$50.00
	Liability:Gregor Robinson				-$50.00
		;Note that Gregor put this on his credit card to be reimbursed, observe on reciept that amount was paid by CC

2017/08/17 ! Mike MacFerrin (mmacfer@yahoo.com)
	;PaypalTransactionID: 0ME01687CC6328743
	;Receipt: documentation/2017/08/17/Paypal_0ME01687CC6328743_Receipt.pdf
	Income:Dues						-$20.00
		; MembershipExpires:: [2018/08/17]
		;:EnteredOnRoster:
		;:Departed:
	Income:Donations					-$.80
	Accrued:Paypal						$20.80

2017/08/17 ! Laura Maguire (lauramaguire37@gmail.com)
	;PaypalTransactionID: 2TY73622GB247460B
	;Receipt: documentation/2017/08/17/Paypal_2TY73622GB247460B_Receipt.pdf
	Income:Dues						-$20.00
		; MembershipExpires:: [2018/08/17]
		; MembershipRenewed:: [2018/08/26]
		;:EnteredOnRoster:
	Income:Donations					-$.80
	Accrued:Paypal						$20.80

2017/08/17 ! Ethan Welty (ethan.welty@gmail.com)
	;PaypalTransactionID: 9W793399PY730780T
	;Receipt: documentation/2017/08/17/Paypal_9W793399PY730780T_Receipt.pdf
	Income:Dues						-$20.00
		; MembershipExpires:: [2018/08/17]
		;:EnteredOnRoster:
		;:Departed:
	Income:Donations					-$20.00
	Accrued:Paypal						$40.00

2017/08/18 ! Corey McDonald (camronm21@gmail.com)
	;PaypalTransactionID: 3GY37989TM4355141
	;Receipt: documentation/2017/08/18/Paypal_3GY37989TM4355141_Receipt.pdf
		; MembershipExpires:: [2018/08/18]
		; MembershipRenewed:: [2018/09/03]
	Income:Dues						-$20.00
	Income:Donations					-$20.00
	Accrued:Paypal						$40.00

2017/08/18 ! Monica Boykoff (boykoff@colorado.edu)
	;PaypalTransactionID: 29Y68382VG8775233
	;Receipt: documentation/2017/08/18/Paypal_29Y68382VG8775233_Receipt.pdf
	Income:Donations					-$50.00
	Accrued:Paypal						$50.00

2017/08/18 ! Kelsey Cody (kelsey.cody@gmail.com)
	;PaypalTransactionID: 0DY52480LE994291D
	;Receipt: documentation/2017/08/18/Paypal_0DY52480LE994291D_Receipt.pdf
	Income:Dues						-$10.00
		; MembershipExpires:: [2018/02/18]
		;:EnteredOnRoster:
		; MembershipRenewed:: [2018/03/05]
	Income:Donations					-$0.59
	Accrued:Paypal						$10.59

2017/08/18 ! Caitlin Micaela Ryan (caitlin.m.ryan@gmail.com)
	;PaypalTransactionID: 0MX312082S874915Y
	;Receipt: documentation/2017/08/18/Paypal_0MX312082S874915Y_Receipt.pdf
	Income:Dues						-$10.00
		; MembershipExpires:: [2018/02/18]
		; MembershipRenewed:: [2018/09/04]
		;:EnteredOnRoster:
	Income:Donations					-$0.59
	Accrued:Paypal						$10.59

2017/08/19 ! Gabriela Walters (gwal99@gmail.com)
	;PaypalTransactionID: 9TX613796R947842E
	;Receipt: documentation/2017/08/19/Paypal_9TX613796R947842E_Receipt.pdf
	Income:Donations					-$5.00
	Accrued:Paypal						$5.00

2017/08/20 ! Megan Ly (icesk8rmegan@verizon.net)
	;PaypalTransactionID: 1KS604972L245690D
	;Receipt: documentation/2017/08/20/Paypal_1KS604972L245690D_Receipt.pdf
	Income:Dues						-$20.00
		; MembershipExpires:: [2018/08/20]
		;:EnteredOnRoster:
		;:Departed:
	Accrued:Paypal						$20.00

2017/08/21 ! William McGrew (wimc3145@colorado.edu)
	;PaypalTransactionID: 02192155GK685540F
	;Receipt: documentation/2017/08/21/Paypal_02192155GK685540F_Receipt.pdf
	Income:Dues						-$20.00
		; MembershipExpires:: [2018/08/21]
		; MembershipRenewed:: [2018/08/26]
		; :EnteredOnRoster:
	Income:Donations					-$.80
	Accrued:Paypal						$20.80

2017/08/21 ! Nathan Lee-Ammons (nathanharrylee@gmail.com)
	;PaypalTransactionID: 8F046636D4904482L
	;Receipt: documentation/2017/08/21/Paypal_8F046636D4904482L_Receipt.pdf
	Income:Dues						-$20.00
		; MembershipExpires:: [2018/08/21]
		;:EnteredOnRoster:
		; MembershipRenewed:: [2018/08/27]
	Income:Donations					-$.80
	Accrued:Paypal						$20.80

2017/08/21 ! BCRC (Community Organization)
	;Moving all assets from control the community org to the corporation.
	;Receipt: documentation/2017/08/21/Transferring_BCRC_assets_to_CRC.pdf
	;TaxImplication: Bank-Transfer
	Liability:BCRC community org:checking			-$125.00
	Liability:BCRC community org:savings			-$5.00
	Assets:Checking						$125.00
	Assets:Savings						$5.00

2017/08/22 * Paypal
	;Sweeping Paypal funds into our own bank account.
	;Receipt: documentation/2017/08/22/Paypal_Transfer_Receipt_pending.pdf
	;TaxImplication: Bank-Transfer
	Accrued:Paypal						-$248.56
	Assets:Checking						$248.56

2017/08/22 ! Bridget Menasche (b.l.menasche@gmail.com)
	;PaypalTransactionID: 58P42025C7950602C
	;Receipt: documentation/2017/08/22/Paypal_58P42025C7950602C_Receipt.pdf
	Income:Dues						-$10.00
		; MembershipExpires:: [2018/02/22]
		; MembershipRenewed:: [2018/05/23]
		;:EnteredOnRoster:
	Income:Donations					-$.59
	Accrued:Paypal						$10.59

2017/08/23 ! Nathaniel Mathews (nathanielhm@gmail.com)
	;PaypalTransactionID: 2F740703J9170944P
	;Receipt: documentation/2017/08/23/Paypal_2F740703J9170944P_Receipt.pdf
	Income:Dues						-$20.00
		; MembershipExpires:: [2018/08/23]
		;:EnteredOnRoster:
		; MembershipRenewed:: [2018/09/06]
	Income:Donations					-$.80
	Accrued:Paypal						$20.80

2017/08/24 ! Matt Pike (pike@usa.net)
	;PaypalTransationID: 7AK79494E4709673W
	;Receipt: documentation/2017/08/24/Paypal_7AK79494E4709673W_Receipt.pdf
	Income:Donations					-$5.00
	Accrued:Paypal						$5.00

2017/08/26 ! Kevin Berg (berg.kevinm@gmail.com)
	;PaypalTransactionID: 36N884894N970291C
	;Receipt: documentation/2017/08/26/Paypal_36N884894N970291C_Receipt.pdf
	Income:Donations					-$0.80
	Income:Dues						-$20.00
		; MembershipExpires:: [2018/08/26]
		; MembershipRenewed:: [2018/08/26]
		;:EnteredOnRoster:
	Accrued:Paypal						$20.80

2017/08/27 ! Sebastian Bozlee (sebbyj@gmail.com)
	;PaypalTransactionID: 6SL52564JX676370K
	;Receipt: documentation/2017/08/27/Paypal_6SL52564JX676370K_Receipt.pdf
	Income:Donations					-$0.80
	Income:Dues						-$20.00
		; MembershipExpires:: [2018/08/27]
		; MembershipRenewed:: [2018/08/26]
		;:EnteredOnRoster:
	Accrued:Paypal						$20.80

2017/08/27 ! Robert Soden (robert.soden@gmail.com)
	;PaypalTransactionID: 30T53524HU5520431
	;Receipt: documentation/2017/08/27/Paypal_30T53524HU5520431_Receipt.pdf
	Income:Dues						-$20.00
		; MembershipExpires:: [2018/08/27]
		;:EnteredOnRoster:
	Accrued:Paypal						$20.00

2017/08/27 ! Jen Liu (jenliu.uilnej@gmail.com)
	;PaypalTransactionID: 5F372639FR0677822
	;Receipt: documentation/2017/08/27/Paypal_5F372639FR0677822_Receipt.pdf
	Income:Donations					-$0.80
	Income:Dues						-$20.00
		; MembershipExpires:: [2018/08/27]
		;:EnteredOnRoster:
		; :Departed:
	Accrued:Paypal						$20.80

2017/08/27 ! Theodore Barnhart (tbbarnhart@gmail.com)
	;PaypalTransactionID: 2A193741C64937331
	;Receipt: documentation/2017/08/27/Paypal_2A193741C64937331_Receipt.pdf
	Income:Dues						-$20.00
		; MembershipExpires:: [2018/08/27]
		;:EnteredOnRoster:
	Income:Donations					-$20.00
	Accrued:Paypal						$40.00

2017/08/27 ! Adjustments
	;Adding a penny to adjust for rounding inconsistency btw
	;our ledger software and Paypal.
	Expenses:Transaction Fees				-$0.01
	Accrued:Paypal						$0.01

2017/08/27 ! Paypal
	;Sweeping Paypal funds into our own bank account.
	;Receipt: documentation/2017/08/27/Paypal_Transfer_Receipt.pdf
	;TaxImplication: Bank-Transfer
	Accrued:Paypal						-$151.79
	Assets:Checking						$151.79

2017/08/28 ! Aaron Malone (aaron.malone@colorado.edu)
	;PaypalTransactionID: 41Y66851NY695584X
	;Receipt: documentation/2017/08/28/Paypal_41Y66851NY695584X_Receipt.pdf
	Income:Dues						-$20.00
		; MembershipExpires:: [2018/08/28]
		;:EnteredOnRoster:
		; MembershipRenewed:: [2018/08/27]
	Income:Donations					-$0.80
	Accrued:Paypal						$20.80

2017/08/28 ! Hanson Smith (hanson.smith101@gmail.com)
	;PaypalTransactionID: 2PA6273772473061X 
	;Receipt: documentation/2017/08/28/Paypal_2PA6273772473061X_Receipt.pdf
	Income:Dues						-$20.00
		; MembershipExpires:: [2018/08/28]
		; MembershipRenewed:: [2018/09/04]
		;:EnteredOnRoster:
	Income:Donations					-$0.80
	Accrued:Paypal						$20.80

2017/08/30 ! Ashton Wiens (awiens11@gmail.com)
	;Receipt: documentation/2017/08/30/InPerson_AshtonWiens.pdf
	Income:Dues						-$20.00
		; MembershipExpires:: [2018/08/30]
		;:EnteredOnRoster:
	Liability:Gregor Robinson				$20.00

2017/08/30 ! Pascale Meehan (pascale.meehan@gmail.com)
	;PaypalTransactionID: 2ND41399K97011535
	;Receipt: documentation/2017/08/30/Paypal_2ND41399K97011535_Receipt.pdf
	Income:Dues						-$10.00
		; MembershipExpires:: [2018/03/01]
		; MembershipRenewed:: [2018/07/22]
		;:EnteredOnRoster:
	Income:Donations					-$0.59
	Accrued:Paypal						$10.59

2017/08/30 ! Paypal
	;Sweeping Paypal funds into our own bank account.
	;Receipt: documentation/2017/08/30/Paypal_Transfer_Receipt.pdf
	;TaxImplication: Bank-Transfer
	Accrued:Paypal						-$49.78
	Assets:Checking						$49.78

2017/08/30 ! Alana Wilson (alanamwilson@gmail.com)
	;Receipt: documentation/2017/08/30/Venmo_AlanaWilson_Receipt.pdf
	;Statement: documentation/2017/09/01/Venmo_Statement.pdf
	Income:Dues						-$20.00
		; MembershipExpires:: [2018/08/30]
		; :Departed:
	Accrued:Venmo						$20.00

2017/08/30 ! Gregor Robinson (greg.a.robi@gmail.com)
	;Partial reimbursement.
	;Receipt: documentation/2017/08/30/Venmo_GregorRobinson_Receipt.pdf
	Accrued:Venmo						-$20.00
	Liability:Gregor Robinson				$20.00

2017/08/30 ! Roger Emmelhainz (roger.emmelhainz@colorado.edu)
	;PaypalTransactionID: 4TY259842B4476007
	;Receipt: documentation/2017/08/30/Paypal_4TY259842B4476007_Receipt.pdf
	Income:Dues						-$20.00
		; MembershipExpires:: [2018/08/30]
		;:EnteredOnRoster:
		; MembershipRenewed:: [2018/08/27]
	Income:Donations					-$0.80
	Accrued:Paypal						$20.80

2017/08/30 ! Facebook
	;Receipt: documentation/2017/09/01/Facebook_Ads_Receipt.pdf
	Expenses:Advertising					$3.51
	Liability:Accounts Payable:Alex Wolf-Root		-$3.51

2017/08/30 ! Stephanie Jarvis (stephaniekjarvis@gmail.com)
	;Receipt: documentation/2017/08/31/Venmo_StephanieJarvis_Receipt.pdf
	;Statement: documentation/2017/09/01/Venmo_Statement.pdf
	Income:Dues						-$20.00
		; MembershipExpires:: [2018/08/30]
		;:EnteredOnRoster:
		; MembershipRenewed:: [2018/08/27]
	Accrued:Venmo						$20.00

2017/08/31 Marianne Reddan (marianne.reddan@gmail.com)
	;Receipt: documentation/2017/08/31/Venmo_MarianneReddan_Receipt.pdf
	;Statement: documentation/2017/09/01/Venmo_Statement.pdf
	Income:Dues						-$10.00
		; MembershipExpires:: [2018/03/02]
		;:EnteredOnRoster:
		; MembershipRenewed:: [2018/03/07]
	Accrued:Venmo						$10.00

2017/08/31 ! Sama Shrestha (samashres@gmail.com)
	;Receipt: documentation/2017/08/31/Venmo_SamaShrestha_Receipt.pdf
	;Statement: documentation/2017/09/01/Venmo_Statement.pdf
	Income:Dues						-$20.00
		; MembershipExpires:: [2018/08/31]
	Accrued:Venmo						$20.00

2017/08/31 ! Fortino Garcia (fortino.garcia@colorado.edu)
	;Receipt: documentation/2017/08/31/Venmo_FortinoGarcia_Receipt.pdf
	;Statement: documentation/2017/09/01/Venmo_Statement.pdf
	Income:Dues						-$10.00
		; MembershipExpires:: [2018/03/02]
		; MembershipRenewed:: [2018/08/29]
		; :EnteredOnRoster:
	Accrued:Venmo						$10.00

2017/08/31 ! Lucia Yang (minahdotdotdot@gmail.com)
	;Receipt: documentation/2017/09/05/Venmo_LuciaYang_Receipt.pdf
	Income:Dues						-$20.00
		; MembershipExpires:: [2018/08/31]
		; MembershipRenewed:: [2018/08/22]
		; :EnteredOnRoster:
	Accrued:Accounts Receivable:Gregor Robinson		$20.00
		;Billed from Gregor's Venmo.
	Accrued:Accounts Receivable:Gregor Robinson		-$20.00
		;Receipt: documentation/2017/09/05/Venmo_LuciaYang_Transfer_Receipt.pdf
	Accrued:Venmo						$20.00

2017/08/31 ! Sabina Altus (sabatroid@gmail.com)
	;Statement: documentation/2017/09/01/Venmo_Statement.pdf
	Income:Dues						-$10.00
		; MembershipExpires:: [2018/03/02]
		; MembershipRenewed:: [2018/04/02]
		;:EnteredOnRoster:
	Accrued:Venmo						$10.00

2017/08/31 ! Krisztina Dearborn (krisztinadrbrn@gmail.com)
	;Statement: documentation/2017/09/01/Venmo_Statement.pdf
	Income:Dues						-$10.00
		; MembershipExpires:: [2018/03/02]
		; MembershipRenewed:: [2018/08/25]
		;:EnteredOnRoster:
	Accrued:Venmo						$10.00

2017/09/01 ! Caleb Miller (cmiler.9@gmail.com)
	;Receipt: documentation/2017/09/01/Venmo_CalebMiller_Receipt.pdf
	Income:Dues						-$10.00
		; MembershipExpires:: [2018/03/01]
		; MembershipRenewed:: [2018/08/25]
	Liability:Gregor Robinson				$10.00
		;Paid to Gregor's Venmo

2017/09/02 ! Xi Wang (cele8stial@gmail.com)
	;Receipt: documentation/2017/09/02/Paypal_XiWang_Receipt_pending.pdf
	;Statement: documentation/2017/09/07/cleared_echeck_notification.pdf
	Income:Dues						-$20.00
		; MembershipExpires:: [2018/09/02]
		; MembershipRenewed:: [2018/09/06]
		;:EnteredOnRoster:
	Accrued:Paypal						$20.00

2017/09/04 ! Deidre Jaeger (deidre.jaeger@colorado.edu)
	;PaypalTransactionID: 0V423574WG620025A
	;Receipt: documentation/2017/09/04/Paypal_0V423574WG620025A_Receipt.pdf
	Income:Dues						-$20.00
		; MembershipExpires:: [2018/09/04]
		;:EnteredOnRoster:
	Income:Donations					-$0.80
	Accrued:Paypal						$20.80

2017/09/05 ! George Chapman (g.william.chapman.iv@gmail.com)
	;PaypalTransactionID: 16720017E4654824J
	;Receipt: documentation/2017/09/05/Paypal_16720017E4654824J_Receipt.pdf
	Income:Dues						-$20.00
		; MembershipExpires:: [2018/09/05]
		;:EnteredOnRoster:
	Income:Donations					-$0.80
	Accrued:Paypal						$20.80

2017/09/05 ! Jessie Mollick (jmollick@gmail.com)
	;Receipt: documentation/2017/09/05/Venmo_JessieMollick_Receipt.pdf
	Income:Dues						-$10.00
		; MembershipExpires:: [2018/03/05]
		;:EnteredOnRoster:
		;:Departed:
		; Graduated as of 2018-08-20
	Accrued:Venmo						$10.00

2017/09/05 ! Venmo
	;Receipt: documentation/2017/09/05/Venmo_Transfer_Receipt.pdf
	Accrued:Venmo						-$90.00
	Assets:Checking						$90.00

2017/09/05 ! John Willis (jmart.will@gmail.com)
	;PaypalTransactionID: 09U76733D7714942K
	;Statement: documentation/2017/09/08/Paypal_JohnWillis_Cleared.pdf
	;:Pending:
	Income:Dues						-$10.00
		; MembershipExpires:: [2018/03/05]
		;:EnteredOnRoster:
	Income:Donations					-$0.59
	Accrued:Paypal						$10.59

2017/09/05 ! Adjustments
	;Adding a penny to adjust for rounding inconsistency btw
	;our ledger software and Paypal.
	Expenses:Transaction Fees				-$0.01
	Accrued:Paypal						$0.01

2017/09/05 ! Katharine Adamyk (katharine.adamyk@gmail.com)
	;PaypalTransactionID: 5FR32986D5863544Y
	;Receipt: documentation/2017/09/05/Paypal_5FR32986D5863544Y_Receipt.pdf
	Income:Dues						-$20.00
		; MembershipExpires:: [2018/09/05]
		;:EnteredOnRoster:
		; MembershipRenewed:: [2018/09/07]
	Income:Donations					-$.80
	Accrued:Paypal						$20.80

2017/09/05 ! Sarah Salmon (Sarah.K.Salmon@gmail.com)
	;PaypalTransactionID: 7X385874BB5883703
	;Receipt: documentation/2017/09/05/Paypal_7X385874BB5883703_Receipt.pdf
	Income:Dues						-$20.00
		; MembershipExpires:: [2018/09/05]
		;:EnteredOnRoster:
		; MembershipRenewed:: [2018/09/07]
	Income:Donations					-$.80
	Accrued:Paypal						$20.80

2017/09/05 ! Peter Shaffery
	;Partial reimbursement for incorporation fee.
	;Receipt: documentation/2017/09/05/Venmo_PeterShaffery_Reimbursement_Receipt.pdf
	Accrued:Venmo						-$20.00
	Liability:Peter Shaffery				$20.00

2017/09/06 ! Jessica Gronski (jessicagronsk@gmail.com)
	;Receipt: documentation/2017/09/06/Cash_JessicaGronski_Receipt.pdf
	Income:Dues						-$20.00
		;:EnteredOnRoster:
		; MembershipExpires:: [2018/09/06]
	Assets:Cash:Gregor Robinson				$20.00

2017/09/06 ! Sayalee Karkare (sayalee.karkare@gmail.com)
	;PaypalTransactionID: 42B044648C364391L
	;Receipt: documentation/2017/09/06/Paypal_42B044648C364391L_Receipt.pdf
	Income:Dues						-$10.00
		; MembershipExpires:: [2018/03/06]
		;:EnteredOnRoster:
		;:Departed:
		; Moved from Boulder as of 2018-08-20
	Income:Donations					-$0.59
	Accrued:Paypal						$10.59

2017/09/06 ! Bianca Frazer (bianca.c.frazer@gmail.com)
	;Receipt: documentation/2017/09/06/Venmo_BiancaGordon_Receipt.pdf
	Income:Dues						-$10.00
		; MembershipExpires:: [2018/03/06]
		; MembershipRenewed:: [2018/09/14]
		;:EnteredOnRoster:
	Accrued:Venmo						$10.00

2017/09/06 ! C&D Printing
	;Vinyl stickers.
	;Quote: documentation/2017/08/28/CandD_Stickers_Quote.pdf
	;Invoice: documentation/2017/09/05/CandD_Stickers_Invoice.pdf
	Expenses:Advertising					$168.00
		;TaxImplication: USA-Corporation
	Expenses:Sales Tax					$7.98
		;TaxImplication: Tax-Payment
	Liability:Accounts Payable:C&D Printing			-$175.98
	Liability:Accounts Payable:C&D Printing			$175.98
	Liability:Enida Shuku					-$175.98
		;Enida picked these up for us.
	Liability:Enida Shuku					$175.98
	Liability:Gregor Robinson				-$175.98
		;Gregor reimbursed Enida.
		;Receipt: documentation/2017/09/06/Gregor_Reimbursing_Enida_Receipt.pdf
	Liability:Gregor Robinson				$175.98 [2017/09/07]
		;Receipt: documentation/2017/09/07/Venmo_GregorReimbursement_Receipt.pdf
	Assets:Checking						-$175.98 [2017/09/07]
		;TaxImplication: Reimbursement

2017/09/06 ? Imaging Services - CU Boulder
	;1-on-1 training materials.
	;Missing receipt.
	Expenses:Printing					$9.60
		;TaxImplication: USA-Corporation
	Liability:Gregor Robinson				-$9.60
	Liability:Gregor Robinson				$9.60
	Accrued:Venmo						-$9.60
		;TaxImplication: Reimbursement

2017/09/06 Paypal
	;Sweeping Paypal funds into our own bank account.
	;Receipt: documentation/2017/09/06/Paypal_Transfer_Receipt.pdf
	;TaxImplication: Bank-Transfer
	Accrued:Paypal						-$109.48
	Assets:Checking						$109.48
		;TaxImplication: Bank-Transfer

2017/09/06 ! Tyler Schrock (tyler@tylerschrock.com)
	;Receipt: documentation/2017/09/06/Cash_TylerSchrock_Receipt.pdf
	Income:Dues						-$20.00
		; MembershipExpires:: [2018/09/06]
		;:EnteredOnRoster:
		; MembershipRenewed:: [2018/09/07]
	Assets:Cash:Gregor Robinson				$20.00

2017/09/06 ! Christopher Bopp (chris.bopp@gmail.com)
	;Receipt: documentation/2017/09/06/Paypal_ChrisBopp_Receipt.pdf
	Income:Dues						-$20.00
		; MembershipExpires:: [2018/09/06]
		; MembershipRenewed:: [2018/09/25]
		;:EnteredOnRoster:
	Income:Donations					-$0.80
	Accrued:Paypal						$20.80

2017/09/06 ! Tara Walker (taragracewalker@gmail.com)
	;Receipt: documentation/2017/09/06/Paypal_TaraWalker_Receipt.pdf
	Income:Dues						-$20.00
		; MembershipExpires:: [2018/09/06]
		; MembershipRenewed:: [2018/09/25]
		;:EnteredOnRoster:
	Income:Donations					-$0.80
	Accrued:Paypal						$20.80

2017/09/07 ! Peter Shaffery
	;Complete reimbursement for incorporation fee.
	;Receipt: documentation/2017/09/07/Venmo_PeterReimbursement_Receipt.pdf
	;TaxImplication: Reimbursement
	Liability:Peter Shaffery				$30.00
	Assets:Checking						-$30.00
		;Via venmo.

2017/09/07 ! Jonathan Lamar (jonathan.p.lamar@gmail.com)
	;Receipt: documentation/2017/09/07/Paypal_JonathanLamar_Receipt.pdf
	Income:Dues						-$10.00
		; MembershipExpires:: [2018/03/07]
		; MembershipRenewed:: [2018/03/08]
		;:EnteredOnRoster:
	Income:Donations					-$0.59
	Accrued:Paypal						$10.59

2017/09/07 ! Richard Folsom (khrysanthematic@gmail.com)
	;Receipt: documentation/2017/09/07/Paypal_RichardFolsom_Receipt.pdf
	Income:Dues						-$10.00
		; MembershipExpires:: [2018/03/07]
		; MembershipRenewed:: [2018/03/08]
		;:EnteredOnRoster:
	Income:Donations					-$0.59
	Accrued:Paypal						$10.59

2017/09/09 ! Rohini Chandra (rohinichandra11@gmail.com)
	;Receipt: documentation/2017/09/09/Paypal_RohiniChandra_Receipt.pdf
	Income:Dues						-$20.00
		; MembershipExpires:: [2018/09/09]
		;:EnteredOnRoster:
		; MembershipRenewed:: [2018/09/12]
	Income:Donations					-$0.80
	Accrued:Paypal						$20.80

2017/09/09 ! Paypal
	;Receipt: documentation/2017/09/09/Paypal_Transfer_Receipt_pending.pdf
	;TaxImplication: Bank-Transfer
	Accrued:Paypal						-$108.76
	Assets:Checking						$108.76
		;TaxImplication: Bank-Transfer

2017/09/10 ! Andrew Healy (andrew.healy@colorado.edu)
	;Receipt: documentation/2017/09/10/Paypal_AndrewHealy_Receipt.pdf
	Income:Dues						-$20.00
		; MembershipExpires:: [2018/09/10]
		;:EnteredOnRoster:
	Income:Donations					-$0.80
	Accrued:Paypal						$20.80

2017/09/10 ! Lenhardt Stevens (lenhardtstevens@gmail.com)
	;Receipt: documentation/2017/09/10/Paypal_LenhardtStevens_Receipt.pdf
	Income:Dues						-$20.00
		; MembershipExpires:: [2018/09/10]
		;:EnteredOnRoster:
		; :Departed:
	Income:Donations					-$0.80
	Accrued:Paypal						$20.80

2017/09/10 ! Derek Lee (pvpnk8@aol.com)
	;Receipt: documentation/2017/09/10/Paypal_DerekLee_Receipt.pdf
	Income:Dues						-$10.00
		; MembershipExpires:: [2018/03/10]
		; :Departed:
	Income:Donations					-$0.59
	Accrued:Paypal						$10.59

2017/09/10 ! Adjustments
	;Adding a penny to adjust for rounding inconsistency btw
	;our ledger software and Paypal.
	Expenses:Transaction Fees				-$0.01
	Accrued:Paypal						$0.01

2017/09/11 ! Caroline Grego (cegrego@gmail.com)
	;Receipt: documentation/2017/09/11/Paypal_CarolineGrego_Receipt.pdf
	Income:Dues						-$20.00
		; MembershipExpires:: [2018/09/11]
		;:EnteredOnRoster:
	Accrued:Paypal						$20.00

2017/09/11 ! Andrew Waldeck-Young (andrew.waldeck.young@gmail.com)
	;Receipt: documentation/2017/09/11/Paypal_AndrewYoung_Receipt.pdf
	Income:Dues						-$20.00
		; MembershipExpires:: [2018/09/11]
		; MembershipRenewed:: [2018/09/09]
		;:EnteredOnRoster:
	Income:Donations					-$0.80
	Accrued:Paypal						$20.80

2017/09/11 ! Jonathan Belcher (belcher.217@gmail.com)
	;Receipt: documentation/2017/09/11/Paypal_JonathanBelcher_Receipt.pdf
	Income:Dues						-$20.00
		; MembershipExpires:: [2018/09/11]
		; MembershipRenewed:: [2018/04/13]
		;:EnteredOnRoster:
	Income:Donations					-$0.80
	Accrued:Paypal						$20.80

2017/09/11 ! Julia Smith (owldays20@gmail.com)
	;Receipt: documentation/2017/09/11/Paypal_JuliaSmith_Receipt.pdf
	Income:Dues						-$20.00
		; MembershipExpires:: [2018/09/11]
		;:EnteredOnRoster:
	Income:Donations					-$0.80
	Accrued:Paypal						$20.80

2017/09/13 ! Anthony Martillotti (martillotti.a@gmail.com)
	;Receipt: documentation/2017/09/13/Paypal_AnthonyMartillotti_Receipt.pdf
	Income:Dues						-$20.00
		; MembershipExpires:: [2018/09/13]
		;:EnteredOnRoster:
	Income:Donations					-$0.80
	Accrued:Paypal						$20.80

2017/09/14 ! Kira Alia Cozzolino (kira.cozzolino@gmail.com)
	;Receipt: documentation/2017/09/14/Venmo_KiraCozzolino_Receipt.pdf
	Income:Dues						-$20.00
		; MembershipExpires:: [2018/09/14]
		;:EnteredOnRoster:
	Accrued:Venmo						$20.00

2017/09/14 ! Clare Spaulding (clarespaulding22@gmail.com)
	;Receipt: documentation/2017/09/14/Venmo_ClareSpaulding_Receipt.pdf
	Income:Dues						-$20.00
		; MembershipExpires:: [2018/09/14]
		;:EnteredOnRoster:
	Accrued:Venmo						$20.00

2017/09/15 ! Leo Herr (nanotechnologist222@gmail.com)
	;Receipt: documentation/2017/09/15/Paypal_LeoHerr_Receipt.pdf
	Income:Dues						-$20.00
		; MembershipExpires:: [2018/09/15]
		;:EnteredOnRoster:
	Income:Donations					-$.80
	Accrued:Paypal						$20.80

2017/09/16 ! Albany Thompson (thompsonalbany@gmail.com)
	;Receipt: documentation/2017/09/16/Paypal_AlbanyThompson_Receipt.pdf
	Income:Dues						-$20.00
		; MembershipExpires:: [2018/09/16]
		; MembershipRenewed:: [2018/10/01]
	Income:Donations					-$.80
	Accrued:Paypal						$20.80

2017/09/17 ! Adjustments
	;Adding pennies to adjust for rounding inconsistency btw
	;our ledger software and Paypal.
	Expenses:Transaction Fees				-$0.02
	Accrued:Paypal						$0.02

2017/09/17 ! Paypal
	;Sweeping Paypal funds into our own bank account.
	;Receipt: documentation/2017/09/17/Paypal_Transfer_Receipt_pending.pdf
	;TaxImplication: Bank-Transfer
	Accrued:Paypal						-$188.30
	Assets:Checking						$188.30

2017/09/17 ! Venmo
	;Receipt: documentation/2017/09/17/Venmo_Transfer_Receipt.pdf
	Accrued:Venmo						-$40.40
	Assets:Checking						$40.40

2017/09/17 ! Taisa Kushner (taisakushner@gmail.com)
	;Receipt: documentation/2017/09/17/Paypal_TaisaKushner_Receipt.pdf
	Income:Dues						-$20.00
		; MembershipExpires:: [2018/09/17]
		;:EnteredOnRoster:
	Income:Donations					-$0.80
	Accrued:Paypal						$20.80

2017/09/18 ! Eric Kightley (kightley.1@gmail.com)
	Receipt: documentation/2017/09/18/Cash_EricKightley_Receipt.pdf
	Income:Dues						-$20.00
		; MembershipExpires:: [2018/09/18]
		;:EnteredOnRoster:
	Assets:Cash:Gregor Robinson				$20.00

2017/09/18 ! IRS
	;Withholding $14/month Aug+Sep toward IRS 1023 use fee.
	;Just an earmark, no receipt
	Liability:Earmarks:IRS					-$28.00
	Equity:Earmarks						$28.00

2017/09/18 ! Molly McDermott (molly.t.mcdermott@gmail.com)
	;Receipt: documentation/2017/09/18/Paypal_MollyMcDermott_Receipt.pdf
	Income:Dues						-$20.00
		; MembershipExpires:: [2018/09/18]
		;:EnteredOnRoster:
	Income:Donations					-$0.80
	Accrued:Paypal						$20.80

2017/09/20 ! Suzanne Craig (muerarashaye@gmail.com)
	;Receipt: documentation/2017/09/20/Paypal_SuzanneCraig_Receipt.pdf
	Income:Dues						-$20.00
		; MembershipExpires:: [2018/09/20]
		; MembershipRenewed:: [2018/09/23]
		;:EnteredOnRoster:
	Income:Donations					-$20.00
	Accrued:Paypal						$40.00

2017/09/20 ! Gregor Robinson
	;Receipt: documentation/2017/09/20/Venmo_GregorRobinson_Receipt.pdf
	;Transfering in-cash membership dues to org account
	Assets:Cash:Gregor Robinson				-$60.00
	Accrued:Venmo						$60.00

;These amounts were verified, but Ledger isn't equipped to handle these nicely yet.
;2017/09/20 AUDIT
;	Accrued:Venmo						$0.00=$60.00
;	Accrued:Paypal						$0.00=$78.34
;	Assets:Cash:Gregor Robinson				$0.00=$0.00
;	Liability:Earmarks:IRS					$0.00=-$28.00
;	Liability:Accounts Payable:Facebook			$0.00=-$10.00
;	Assets:Checking						$0.00=$906.09
;	Assets:Savings						$0.00=$5.00

2017/09/20 ! James Foster (JMFOSTER@GMAIL.COM)
	;Receipt: documentation/2017/09/20/Paypal_JamesFoster_Receipt.pdf
	Income:Dues						-$20.00
		; MembershipExpires:: [2018/09/20]
		;:EnteredOnRoster:
	Income:Donations					-$0.80
	Accrued:Paypal						$20.80

2017/09/21 ! Jonathyn Zapf (jonathynzapf@gmail.com)
	;Receipt: documentation/2017/09/21/Paypal_JonathynZapf_Receipt.pdf
	Income:Dues						-$10.00
		; MembershipExpires:: [2018/03/21]
		; MembershipRenewed:: [2018/07/22]
		;:EnteredOnRoster:
	Accrued:Paypal						$10.00

2017/09/21 ! Alexander Beard (alexander.beard@zoho.com)
	;Receipt: documentation/2017/09/21/Cash_AlexanderBeard_Receipt.pdf
	;SecondaryReceipt: documentation/2017/09/22/Cash_AlexWolfRoot_GregorRobinson_Transfer.pdf
	Income:Dues						-$20.00
		; MembershipExpires:: [2018/09/21]
		;:EnteredOnRoster:
	Assets:Cash:Alex Wolf-Root				$20.00
	Assets:Cash:Alex Wolf-Root				-$20.00 [2017/09/22]
	Assets:Cash:Gregor Robinson				$20.00 [2017/09/22]

2017/09/22 ! Judith Olson (Olson.Judith.b@gmail.com)
	;Receipt: documentation/2017/09/22/Paypal_JudithOlson_Receipt.pdf
	Income:Dues						-$20.00
		; MembershipExpires:: [2018/09/22]
		; MembershipRenewed:: [2018/09/24]
		;:EnteredOnRoster:
	Accrued:Paypal						$20.00

2017/09/22 ! Adjustments
	;Adding a penny to adjust for rounding inconsistency btw
	;our ledger software and Paypal.
	;Receipt: documentation/2017/09/22/Paypal_Transfer_Receipt.pdf
	Expenses:Transaction Fees				-$0.01
	Accrued:Paypal						$0.01

2017/09/22 ! Paypal
	;Receipt: documentation/2017/09/22/Paypal_Transfer_Receipt.pdf
	;:Pending:
	;TaxImplication: Bank-Transfer
	Accrued:Paypal						-$126.77
	Assets:Checking						$126.77

2017/09/22 ! Katherine Hernandez (katherine.hernandez@my.und.edu)
	;Receipt: documentation/2017/09/22/Paypal_KatherineHernandez_Receipt.pdf
	Income:Dues						-$20.00
		; MembershipExpires:: [2018/09/22]
	Accrued:Paypal						$20.00

2017/09/22 ! Alexandra Laird (alaird2@villanova.edu)
	;Receipt: documentation/2017/09/22/Paypal_AlexandraLaird_Receipt.pdf
	Income:Dues						-$20.00
		; MembershipExpires:: [2018/09/22]
		;:EnteredOnRoster:
	Income:Donations					-$0.80
	Accrued:Paypal						$20.80

2017/09/22 ! Sangman Lee (postulate93@gmail.com)
	;Receipt: documentation/2017/09/22/Paypal_SangmanLee_Receipt.pdf
	Income:Dues						-$20.00
		; MembershipExpires:: [2018/09/22]
		;:EnteredOnRoster:
	Income:Donations					-$0.80
	Accrued:Paypal						$20.80

2017/09/23 ! Caroline Matson (carly.matson@verizon.net)
	; Previous email was (clm2hx@virginia.edu)
	;Receipt: documentation/2017/09/23/Venmo_CarolineMatson_Receipt.pdf
	Income:Dues						-$10.00
		; MembershipExpires:: [2018/03/23]
		; MembershipRenewed:: [2018/03/11]
		;:EnteredOnRoster:
	Accrued:Venmo						$10.00

2017/09/24 ! Patrick Wynne (patrick@temple.edu)
	;Receipt: documentation/2017/09/24/Paypal_PatrickWynne_Receipt.pdf
	Income:Dues						-$20.00
		; MembershipExpires:: [2018/09/24]
		;:EnteredOnRoster:
	Income:Donations					-$20.00
	Accrued:Paypal						$40.00

2017/09/26 ! Arielle Milkman (ariellemilkman@gmail.com)
	;Receipt: documentation/2017/09/26/Paypal_ArielleMilkman_Receipt.pdf
	Income:Dues						-$20.00
		; MembershipExpires:: [2018/09/26]
	Income:Donations					-$0.80
	Accrued:Paypal						$20.80

2017/09/26 ! William Lempert (wlempert@gmail.com)
	;Receipt: documentation/2017/09/26/Paypal_WilliamLempert_Receipt.pdf
	Income:Dues						-$20.00
		; MembershipExpires:: [2018/09/26]
		;:EnteredOnRoster:
	Income:Donations					-$0.80
	Accrued:Paypal						$20.80

2017/09/26 ! Mariana Sanders (mariana.sanders@colorado.edu)
	;Receipt: documentation/2017/09/26/Paypal_MarianaSanders_Receipt.pdf
	Income:Dues						-$20.00
		; MembershipExpires:: [2018/09/26]
		;:EnteredOnRoster:
	Income:Donations					-$20.00
	Accrued:Paypal						$40.00

2017/09/27 ! Alex Hamilton (alex.hamilton@colorado.edu)
	;Receipt: documentation/2017/09/27/Paypal_AlexHamilton_Receipt.pdf
	Income:Dues						-$20.00
		; MembershipExpires:: [2018/09/27]
		;:EnteredOnRoster:
	Accrued:Paypal						$20.00

2017/09/27 ! Danielle Merriman (dani.merriman@gmail.com)
	;Receipt: documentation/2017/09/27/Paypal_DanielleMerriman_Receipt.pdf
	Income:Dues						-$20.00
		; MembershipExpires:: [2018/09/27]
		;:EnteredOnRoster:
	Income:Donations					-$0.80
	Accrued:Paypal						$20.80

2017/09/28 ! Adjustments
	;Adding a penny to adjust for rounding inconsistency btw
	;Receipt: documentation/2017/09/28/Paypal_Transfer_Receipt.pdf
	;our ledger software and Paypal.
	Expenses:Transaction Fees				-$0.01
	Accrued:Paypal						$0.01

2017/09/28 ! Paypal
	;Transfer Paypal balance to checking.
	;Receipt: documentation/2017/09/28/Paypal_Transfer_Receipt.pdf
	Accrued:Paypal						-$214.82
	Assets:Checking						$214.82

2017/09/28 ! Venmo
	;Transfer Venmo balance to checking.
	;Receipt: documentation/2017/09/28/Venmo_Transfer_Receipt.pdf
	Accrued:Venmo						-$70.00
	Assets:Checking						$70.00

2017/09/28 ! Anna Broido (broidoa@gmail.com)
	;Receipt: documentation/2017/09/28/Venmo_AnnaBroido_Receipt.pdf
	Income:Dues						-$20.00
		; MembershipExpires:: [2018/09/28]
		;:EnteredOnRoster:
	Accrued:Venmo						$20.00

2017/09/28 ! James Folberth (jamesfolberth@gmail.com)
	;James is a grad student who doesn't want to join but did want to support.
	;Receipt: documentation/2017/09/28/Paypal_JamesFolberth_Receipt.pdf
	Income:Donations					-$20.00
	Accrued:Paypal						$20.00

2017/09/29 ! Lucas Gagnon (lucasrgagnon@gmail.com)
	;Receipt: documentation/2017/09/29/Paypal_LucasGagnon_Receipt.pdf
	Income:Dues						-$20.00
		; MembershipExpires:: [2018/09/29]
	Income:Donations					-$20.00
	Accrued:Paypal						$40.00

2017/09/29 ! Kerri Clement (kerri.keller26@gmail.com)
	;Receipt: documentation/2017/09/29/Paypal_KerriClement_Receipt.pdf
	Income:Dues						-$20.00
		; MembershipExpires:: [2018/09/29]
		;:EnteredOnRoster:
	Accrued:Paypal						$20.00

2017/09/29 ! Jeffrey Brzezinski (brzezinski1@gmail.com)
	;Receipt: documentation/2017/09/29/Paypal_JeffreyBrzezinski_Receipt.pdf
	Income:Dues						-$10.00
		; MembershipExpires:: [2018/03/29]
		;:EnteredOnRoster:
	Income:Donations					-$0.59
	Accrued:Paypal						$10.59

2017/09/30 ! Jesse Goodrich (jesse.a.goodrich@gmail.com)
	;Receipt: documentation/2017/09/30/Paypal_JesseGoodrich_Receipt.pdf
	Income:Dues						-$20.00
		; MembershipExpires:: [2018/09/30]
		;:EnteredOnRoster:
	Income:Donations					-$0.80
	Accrued:Paypal						$20.80

2017/09/30 ! Gregor Robinson
	;Reconciling cash balance.
	;Receipt: documentation/2017/09/30/Venmo_GregorRobinson_Receipt.pdf
	Assets:Cash:Gregor Robinson				-$20.00
	Accrued:Venmo						$20.00

2017/09/30 ! Venmo
	;Receipt: documentation/2017/09/30/Venmo_Transfer_Receipt.pdf
	;TaxImplication: Bank-Transfer
	Accrued:Venmo						-$40.00
	Assets:Checking						$40.00

2017/09/30 ! Paypal
	;Receipt: documentation/2017/09/30/Paypal_Transfer_Receipt.pdf
	;TaxImplication: Bank-Transfer
	Accrued:Paypal						-$106.66
	Assets:Checking						$106.66

2017/09/30 ! Facebook
	;Advertisement for kick-off meeting.
	;Receipt: documentation/2017/09/30/Facebook_Receipt.pdf
	Expenses:Advertising					$6.05
	Liability:Accounts Payable:Alex Wolf-Root

2017/10/01 ! IRS
	;Withholding $14/month toward IRS 1023 use fee.
	;Just an earmark, no receipt
	Liability:Earmarks:IRS					-$14.00
	Equity:Earmarks						$14.00

2017/10/02 ! Tiffany Beebe (tiffany.beebe@colorado.edu)
	;Receipt: documentation/2017/10/02/Paypal_TiffanyBeebe_Receipt.pdf
	Income:Dues						-$20.00
		; MembershipExpires:: [2018/10/02]
		;:EnteredOnRoster:
	Income:Donations					-$.80
	Accrued:Paypal						$20.80

2017/10/04 ! Alexander Standen (alexstanden@gmail.com)
	;Receipt: documentation/2017/10/04/Paypal_AlexanderStanden_Receipt.pdf
	Income:Dues						-$20.00
		; MembershipExpires:: [2018/10/04]
		; MembershipRenewed:: [2018/09/14]
		; :EnteredOnRoster:
	Income:Donations					-$.80
	Accrued:Paypal						$20.80

2017/10/07 ! Noah Williams (noahnwilliams@gmail.com)
	;Receipt: documentation/2017/10/07/Cash_NoahWilliams_Receipt.pdf
	Income:Dues						-$20.00
		; MembershipExpires:: [2018/10/07]
		;:EnteredOnRoster:
	Assets:Cash:Gregor Robinson				$20.00

2017/10/19 ! Cameron Rowlett (csrowlett@gmail.com)
	;Receipt: documentation/2017/10/19/Check_CameronRowlett_Receipt.pdf
	Income:Dues						-$20.00
		; MembershipExpires:: [2018/10/19]
		;:EneteredOnRoster:
	Income:Donations					-$40.00
	Accrued:Checks:Gregor Robinson				$60.00
		;Check written to CRC but held by Gregor.
		;CheckNumber: 1077

2017/10/19 ! Celetia Liang (celetialiang@gmail.com)
	;Receipt: documentation/2017/10/19/Paypal_CeletiaLiang_Receipt.pdf
	Income:Dues						-$20.00
		; MembershipExpires:: [2018/10/19]
		;:EnteredOnRoster:
	Income:Donations					-$0.80
	Accrued:Paypal						$20.80

2017/10/27 ! Shane Melnitzer (shanebodee@yahoo.com)
	;Receipt: documentation/2017/10/27/Paypal_ShaneMelnitzer_Receipt.pdf
	Income:Dues						-$20.00
		; MembershipExpires:: [2018/10/27]
		;:EnteredOnRoster:
	Accrued:Paypal						$20.00

2017/10/31 ! David Gunderman (davidgunderman@gmail.com)
	;Receipt: documentation/2017/10/31/Paypal_DavidGunderman_Receipt.pdf
	Income:Dues						-$20.00
		; MembershipExpires:: [2018/10/31]
		;:EnteredOnRoster:
	Income:Donations					-$0.80
	Accrued:Paypal						$20.80

2017/11/01 ! IRS
	;Withholding $14/month toward IRS 1023 use fee.
	;Just an earmark, no receipt
	Liability:Earmarks:IRS					-$14.00
	Equity:Earmarks						$14.00

2017/11/02 ! Ross Etherton (retherton@hotmail.com)
	;Receipt: documentation/2017/11/02/Paypal_RossEtherton_Receipt.pdf
	Income:Dues						-$20.00
		; MembershipExpires:: [2018/11/02]
	Income:Donations					-$0.80
	Accrued:Paypal						$20.80

2017/11/02 ! William Lammons (william.lammons@colorado.edu)
	;Receipt: documentation/2017/11/02/Paypal_WilliamLammons_Receipt.pdf
	Income:Dues						-$20.00
		; MembershipExpires:: [2018/11/02]
		;:EnteredOnRoster:
	Income:Donations					-$0.80
	Accrued:Paypal						$20.80

2017/11/02 ! Adjustments
	;Adding 2 penny to adjust for rounding inconsistency btw
	;our ledger software and Paypal.
	;Statement: documentation/2017/11/02/Paypal_Statement.pdf
	Expenses:Transaction Fees				-$0.02
	Accrued:Paypal						$0.02

;2017/11/02 AUDIT
;	;Statement: documentation/2017/11/02/Paypal_Statement.pdf
;	Accrued:Paypal						$0.00=$138.52

2017/11/02 ! Paypal
	;Sweeping Paypal funds into our own bank account.
	;Receipt: documentation/2017/11/02/Paypal_Transfer_Receipt_pending.pdf
	;TaxImplication: Bank-Transfer
	Accrued:Paypal						-$138.52
	Assets:Checking						$138.52

2017/11/02 ! Jacqueline Cameron (jackiejcameron@gmail.com)
	;Receipt: documentation/2017/11/02/Paypal_JacquelineCameron_Receipt.pdf
	Income:Dues						-$20.00
		; MembershipExpires:: [2018/11/02]
	Income:Donations					-$20.00
	Accrued:Paypal						$40.00

2017/11/02 ! Graeme Pente (graeme.pente@gmail.com)
	;Receipt: documentation/2017/11/02/Cash_GraemePente_Receipt.pdf
	Income:Dues						-$20.00
		; MembershipExpires:: [2018/11/02]
		;:EnteredOnRoster:
	Assets:Cash:Gregor Robinson				$20.00

2017/11/02 ! Anna Hermes (anna.l.hermes@gmail.com)
	;Receipt: documentation/2017/11/02/Paypal_AnnaHermes_Receipt.pdf
	Income:Dues						-$20.00
		; MembershipExpires:: [2018/11/02]
		;:EnteredOnRoster:
	Income:Donations					-$0.80
	Accrued:Paypal						$20.80

2017/11/03 ! Margaret Tobias (margaret.tobias@colorado.edu)
	;Receipt: documentation/2017/11/03/Paypal_MargaretTobias_Receipt.pdf
	Income:Dues						-$20.00
		; MembershipExpires:: [2018/11/03]
		;:EnteredOnRoster:
	Income:Donations					-$0.80
	Accrued:Paypal						$20.80

2017/11/05 ! Nicholas Pellatz (nickpellatz@gmail.com)
	;Receipt: documentation/2017/11/05/Paypal_NicholasPellatz_Receipt.pdf
	Income:Dues						-$20.00
		; MembershipExpires:: [2018/11/05]
		;:EnteredOnRoster:
	Income:Donations					-$0.80
	Accrued:Paypal						$20.80

2017/11/09 ! Shawn Collins (sc2448@gmail.com)
	;Receipt: documentation/2017/11/09/Paypal_ShawnCollins_Receipt.pdf
	Income:Dues						-$20.00
		; MembershipExpires:: [2018/11/09]
		;:EnteredOnRoster:
	Income:Donations					-$0.80
	Accrued:Paypal						$20.80

2017/11/29 ! Ink Spot
	; Flyers for tax rally.
	;Receipt: documentation/2017/11/29/InkSpot_Receipt_1.jpg
	Expenses:Printing					$31.72
	Liability:Accounts Payable:Gregor Robinson		-$31.72

2017/11/29 ! Ink Spot
	; Flyers for tax rally.
	;Receipt: documentation/2017/11/29/InkSpot_Receipt_2.jpg
	Expenses:Printing					$51.16
	Liability:Accounts Payable:Gregor Robinson		-$51.16

2017/11/29 ! Vincent Russell (c.vincent.russell@gmail.com)
	;Receipt: documentation/2017/11/29/Paypal_VincentRussell_Receipt.pdf
	Income:Dues						-$20.00
		; MembershipExpires:: [2018/11/29]
		;:EnteredOnRoster:
	Income:Donations					-$0.80
	Accrued:Paypal						$20.80

2017/11/29 ! Andrew Guttman (guttmanandrew@gmail.com)
	;Receipt: documentation/2017/11/29/Paypal_AndrewGuttman_Receipt.pdf
	Income:Dues						-$20.00
		; MembershipExpires:: [2018/11/29]
		;:EnteredOnRoster:
	Income:Donations					-$0.80
	Accrued:Paypal						$20.80

2017/12/01 ! IRS
	;Withholding $14/month toward IRS 1023 use fee.
	;Just an earmark, no receipt
	Liability:Earmarks:IRS					-$14.00
	Equity:Earmarks						$14.00

2017/12/01 ! Transfer
	; Just handed the check over to Devin for deposit.
	; No receipt
	Accrued:Checks:Gregor Robinson				-$60.00
	Accrued:Checks:Devin Pettigrew				$60.00

2017/12/04 ! William Waalkes (waalkesw@umich.edu)
	;Receipt: documentation/2017/12/04/Paypal_WilliamWaalkes_Receipt.pdf
	Income:Dues						-$20.00
		; MembershipExpires:: [2018/12/04]
		;:EnteredOnRoster:
	Income:Donations					-$0.80
	Accrued:Paypal						$20.80

2017/12/07 ! Kathleen Finlinson ((kathleen@finlinson.net)
	;Receipt: documentation/2017/12/07/Paypal_KathleenFinlinson_Receipt.pdf
	Income:Dues						-$20.00
		; MembershipExpires:: [2018/12/07]
		;:EnteredOnRoster:
	Accrued:Paypal						$20.00

2017/12/08 ! Andrew Harris (aharris12358@gmail.com)
	;Receipt: documentation/2017/12/08/Paypal_AndrewHarris_Receipt.pdf
	Income:Dues						-$20.00
		; MembershipExpires:: [2018/12/08]
		;:EnteredOnRoster:
	Income:Donations					-$0.80
	Accrued:Paypal						$20.80

2017/12/08 ! Michael Szuberla (mszuberla@yahoo.com)
	;Receipt: documentation/2017/12/08/Paypal_MichaelSzuberla_Receipt.pdf
	Income:Dues						-$20.00
		; MembershipExpires:: [2018/12/08]
		;:EnteredOnRoster:
	Income:Donations					-$0.80
	Accrued:Paypal						$20.80

2017/12/08 ! Adjustments
	;Adding to adjust for rounding inconsistency btw
	;our ledger software and Paypal.
	;Statement: documentation/2017/12/08/Paypal_Summary.pdf
	Expenses:Transaction Fees				-$0.03
	Accrued:Paypal						$0.03

2017/12/08 ! Paypal
	;Sweeping Paypal funds into our own bank account.
	;Receipt: documentation/2017/12/08/Paypal_Transfer_Receipt_pending.pdf
	;TaxImplication: Bank-Transfer
	Accrued:Paypal						-$236.76
	Assets:Checking						$236.76

2017/12/10 ! Dylan Mori (mori.dylan@gmail.com)
	;Receipt: documentation/2017/12/10/Paypal_DylanMori_Receipt.pdf
	Income:Donations					-$25.00
	Accrued:Paypal						$25.00

2017/12/13 ! Ink Spot
	;Receipt: documentation/2017/12/13/InkSpot_Receipt.jpg
	Expenses:Printing					$29.00
	Expenses:Sales Tax					$2.57
	Liability:Accounts Payable:Gregor Robinson		-$31.57

2017/12/29 ! Christine Zabala (christinezabala@gmail.com)
	;Receipt: documentation/2017/12/29/Paypal_ChristineZabala_Receipt.pdf
	Income:Dues						-$20.00
		; MembershipExpires:: [2018/12/29]
		;:EnteredOnRoster:
	Income:Donations					-$0.80
	Accrued:Paypal						$20.80

2017/12/31 ? Transfer
	;NOTE! This needs a statement from the bank, need to fix date.
	;TaxImplication: Bank-Transfer
	Accrued:Checks:Devin Pettigrew				-$60.00
	Assets:Checking						$60.00

2017/12/31 ! Transfer
	;Receipt: documentation/2017/12/31/Paypal_Transfer_Receipt_pending.pdf
	;TaxImplication: Bank-Transfer
	Accrued:Paypal						-$43.87
	Assets:Checking						$43.87

2017/12/31=2018/01/02 ! Gregor Robinson
	;Reimbursing Gregor via venmo.
	;Receipt: documentation/2017/12/31/Venmo_GregorRobinson_Receipt.pdf
	;TaxImplication: Reimbursement
	Assets:Checking						-$42.88
	Liability:Accounts Payable:Gregor Robinson		$42.88

2017/12/31=2018/01/02 ! Gregor Robinson
	;Reimbursing Gregor out of cash in hand.
	;Receipt: documentation/2017/12/31/Cash_GregorRobinson_Receipt.pdf
	;TaxImplication: Reimbursement
	Assets:Cash:Gregor Robinson				-$40.00
	Liability:Accounts Payable:Gregor Robinson		$40.00

2017/12/31=2018/01/02 ! Gregor Robinson
	;Reimbursing Gregor via venmo.
	;Receipt: documentation/2017/12/31/Venmo_GregorRobinson_Receipt_2.pdf
	;TaxImplication: Reimbursement
	Assets:Checking						-$31.57
	Liability:Accounts Payable:Gregor Robinson		$31.57

;These amounts were verified, but Ledger isn't equipped to handle these nicely yet.
;2017/01/10 AUDIT
;	Accrued:Venmo						$0.00=$0.00
;	Accrued:Paypal						$0.00=$0.00
;	Liability:Accounts Payable: Alex Wolf-Root		$0.00=$-9.56
;	Liability:Earmarks:IRS					$0.00=-$70.00
;	Assets:Checking						$0.00=$1869.04
;	Assets:Savings						$0.00=$5.00
<<<<<<< HEAD
<<<<<<< d9cc59f3a22ad93e50a7b15276cf8be10396dc6c

2018/01/22 Elizabeth Marasco (eamarasco@gmail.com)
	;Receipt: documentation/2018/01/22/Paypal_ElizabethMarasco_Receipt.pdf
	Income:Dues						-$10.00
		; MembershipExpires:: [2018/07/22]
		; :Departed:
	Income:Donations					-$0.59
	Accrued:Paypal						$10.59

2018/01/24 Paul Lessard (paulrlessard@gmail.com)
	;Receipt: documentation/2018/01/24/Paypal_PaulLessard_Receipt.pdf
	Income:Dues						-$20.00
		; MembershipExpires:: [2019/01/24]
		;:EnteredOnRoster:
	Income:Donations					-$20.00
	Accrued:Paypal						$40.00

2018/02/01 ! IRS
	;Withholding $14/month toward IRS 1023 use fee.
	;Just an earmark, no receipt
	Liability:Earmarks:IRS					-$14.00
	Equity:Earmarks						$14.00

2018/02/02 Carly Anderson Stewart (cranderss@gmail.com)
	;Receipt: documentation/2018/02/02/Paypal_CarlyAndersonStewart_Receipt.pdf
	Income:Dues						-$20.00
		; MembershipExpires:: [2019/02/02]
		;:EnteredOnRoster:
	Income:Donations					-$0.80
	Accrued:Paypal						$20.80

2018/02/28 Spencer Case
	;Receipt: documentation/2018/02/28/Paypal_SpencerCase_Receipt.pdf
	Income:Dues						-$10.00
		; MembershipExpires:: [2018/08/28]
	Income:Donations					-$0.59
	Accrued:Paypal						$10.59

2018/03/01 ! IRS
	;Withholding $14/month toward IRS 1023 use fee.
	;Just an earmark, no receipt
	Liability:Earmarks:IRS					-$14.00
	Equity:Earmarks						$14.00

2018/03/02 Andrew Campbell (andrew.campbell42@utexas.edu)
	;Receipt: documentation/2018/03/02/Paypal_AndrewCampbell_Receipt.pdf
	Income:Dues						-$20.00
		; MembershipExpires:: [2019/03/02]
		;:EnteredOnRoster:
	Accrued:Paypal						$20.00

2018/03/02 Illegal Pete's
	; Receipt: documentation/2018/03/07/illegal_petes_receipt.pdf
	; Food for general meeting.
	; Somehow we didn't pay sales tax originally. This was settled on 2018/03/15.
	; See email documentation here: documentation/2018/03/07/illegal_petes_settling_sales_tax_issue.pdf
	Expenses:Meetings					$200.00
	Liability:Unknown					-$200.00
	Expenses:Sales Tax					$17.99
	Liabilities:Accounts Payable:Illegal Pete's		-$17.99

2018/03/02 Nicole Sanderson (nikki.f.sanderson@gmail.com)
	;Receipt: documentation/2018/03/02/Paypal_NicoleSanderson_Receipt.pdf
	Income:Dues						-$10.00
		; MembershipExpires:: [2019/03/02]
	Income:Donations					-$0.59
	Accrued:Paypal						$10.59

2018/03/05 Kelsey Cody (kelsey.cody@gmail.com)
	;Receipt: documentation/2018/03/05/Paypal_KelseyCody_Receipt.pdf
	Income:Dues						-$10.00
		; MembershipExpires:: [2018/08/18]
		;:EnteredOnRoster:
		; MembershipRenewed:: [2018/08/20]
	Income:Donations					-$0.59
	Accrued:Paypal						$10.59

2018/03/07 Marianne Reddan (marianne.reddan@gmail.com)
	;Receipt: documentation/2018/03/07/Paypal_MarianneReddan_Receipt.pdf
	Income:Dues						-$10.00
		; MembershipExpires:: [2018/08/31]
		; MembershipRenewed:: [2018/08/26]
		;:EnteredOnRoster:
	Income:Donations					-$0.59
	Accrued:Paypal						$10.59

2018/03/07 Ruofan Li (ruofan.li@colorado.edu)
	;Receipt: documentation/2018/03/07/Paypal_RuofanLi_Receipt.pdf
	Income:Dues						-$20.00
		; MembershipExpires:: [2019/03/07]
		;:EnteredOnRoster:
	Income:Donations					-$0.80
	Accrued:Paypal						$20.80

2018/03/07 Amorina Lee-Martinez (leemarti@colorado.edu)
	;Receipt: documentation/2018/03/07/Paypal_AmorinaLee-Martinez_Receipt.pdf
	Income:Dues						-$20.00
		; MembershipExpires:: [2019/03/07]
		;:EnteredOnRoster:
	Income:Donations					-$0.80
	Accrued:Paypal						$20.80

2018/03/07 Chelsea Pretz (chelz.pretz@gmail.com)
	;Receipt: documentation/2018/03/07/Paypal_ChelseaPretz_Receipt.pdf
	Income:Dues						-$20.00
		; MembershipExpires:: [2019/03/07]
	Income:Donations					-$0.80
	Accrued:Paypal						$20.80

2018/03/07 Olivia Pearman (olivia.pearman.pchn@gmail.com)
	;Receipt: documentation/2018/03/07/Paypal_OliviaPearman_Receipt.pdf
	Income:Dues						-$20.00
		; MembershipExpires:: [2019/03/07]
		;:EnteredOnRoster:
	Income:Donations					-$0.80
	Accrued:Paypal						$20.80

2018/03/07 Joel Ornstein (joelornstein@gmail.com)
	;Receipt: documentation/2018/03/07/Paypal_JoelOrnstein_Receipt.pdf
	Income:Dues						-$20.00
		; MembershipExpires:: [2019/03/07]
		;:EnteredOnRoster:
	Income:Donations					-$0.80
	Accrued:Paypal						$20.80

2018/03/07 Inkspot
	;Receipt: documentation/2018/03/07/inkspot_receipt_printing.jpg
	Expenses:Printing					$8.80
	Expenses:Sales Tax					$0.78
	Liability:Accounts Payable:Gregor Robinson		-$9.58

2018/03/07 Inkspot
	;One-inch stack of 11x17 paper for crafts.
	;Receipt: documentation/2018/03/07/inkspot_receipt_paper.jpg
	Expenses:Supplies					$5.00
	Expenses:Sales Tax					$0.44
	Liability:Accounts Payable:Gregor Robinson		-$5.44

2018/03/07 CU Bookstore
	;Sharpies for crafts.
	;Receipt: documentation/2018/03/07/cu_bookstore_receipt_pens.jpg
	Expenses:Supplies					$4.76
	Expenses:Sales Tax					$0.42
	Liability:Accounts Payable:Gregor Robinson		-$5.18

2018/03/07 Walgreens
	;Sharpies for crafts.
	;Receipt: documentation/2018/03/07/drinks_cutlery_receipt.jpg
	Expenses:Meetings					$21.22
	Expenses:Sales Tax					$1.28
	Expenses:Sales Tax					$0.53
	Liability:Accounts Payable:Carly Anderson Stewart	-$23.03

2018/03/08 Sayalee Karkare (sayalee.karkare@gmail.com)
	;Receipt: documentation/2018/03/08/Paypal_SayaleeKarkare_Receipt.pdf
	Income:Donations					-$5.00
	Accrued:Paypal						$5.00

2018/03/08 Richard Folsom (khrysanthematic@gmail.com)
	;Receipt: documentation/2018/03/08/Paypal_RichardFolsom_Receipt.pdf
	Income:Dues						-$20.00
		; MembershipExpires:: [2019/03/07]
		;:EnteredOnRoster:
	Accrued:Paypal						$20.00

2018/03/08 Jonathan Lamar (jonathan.p.lamar@gmail.com)
	;Receipt: documentation/2018/03/08/Paypal_JonathanLamar_Receipt.pdf
	Income:Dues						-$10.00
		; MembershipExpires:: [2018/09/07]
		;:EnteredOnRoster:
		; :Departed:
	Income:Donations					-$0.59
	Accrued:Paypal						$10.59

2018/03/08 Paypal
	;Sweeping Paypal funds into our own bank account.
	;Receipt: documentation/2018/03/08/Paypal_Transfer_Receipt_pending.pdf
	;TaxImplication: Bank-Transfer
	Accrued:Paypal						-$260.61
	Assets:Checking						$260.61

2018/03/08 Ran Reiff (rbreiff@gmail.com)
	;Receipt: documentation/2018/03/08/Paypal_RanReiff_Receipt.pdf
	Income:Dues						-$20.00
		; MembershipExpires:: [2019/03/08]
		;:EnteredOnRoster:
	Income:Donations					-$0.80
	Accrued:Paypal						$20.80

2018/03/08 Eight Days A Week Boulder
	; NO RECEIPT -- UNREPORTED TRANSACTION
	;Statement: documentation/2018/03/31/PMCU_statement.pdf
	Expenses:Printing					$101.33
	Assets:Checking						-$101.33

2018/03/11 Caroline Matson (carly.matson@verizon.net)
	;Receipt: documentation/2018/03/11/Paypal_CarolineMatson_Receipt.pdf
	Income:Dues						-$10.00
		; MembershipExpires:: [2018/09/23]
		;:EnteredOnRoster:
	Income:Donations					-$0.59
	Accrued:Paypal						$10.59

2018/03/15 Illegal Pete's
	; Receipt: documentation/2018/03/07/illegal_petes_receipt.pdf
	; A miscommunication resulted in not paying sales tax.
	; This transaction settles our debt on the sales tax due.
	Liabilities:Accounts Payable:Illegal Pete's		$17.99
	Assets:Checking						-$17.99

2018/03/16 Carly Anderson Stewart
	; Reimbursing for beverages and cutlery.
	; Receipt: documentation/2018/03/11/Venmo_CarlyAndersonStewart_Receipt.pdf
	; TaxImplication: Reimbursement
	Liability:Accounts Payable:Carly Anderson Stewart	$23.03
	Assets:Checking						-$23.00
	Income:Donations					-$0.03

2018/03/28 Christopher Mellinger (clmellinger@gmail.com)
	; Receipt: documentation/2018/03/28/Paypal_ChristopherMellinger_Receipt.pdf
	Income:Dues						-$20.00
		; MembershipExpires:: [2019/03/28]
		;:EnteredOnRoster:
	Income:Donations					-$0.80
	Accrued:Paypal						$20.80

2018/04/02 Sabina Altus (sabatroid@gmail.com)
	; Statement: documentation/2018/04/02/Venmo_SabinaAltus_Receipt.pdf
	Income:Dues						-$10.00
		; MembershipRenewed:: [2018/08/22]
		; MembershipExpires:: [2018/04/02]
		;:EnteredOnRoster:
	Accrued:Venmo						$10.00

2018/04/06 Ink Spot
	; Printing "Are grad students workers" flyer.
	; Receipt: documentation/2018/04/06/Inkspot_Receipt.pdf
	Expenses:Printing					$84.75
	Expenses:Sales Tax					$7.50
	Liability:Accounts Payable:Alex Wolf-Root		-$92.25

2018/04/06 Alex Wolf-Root
	; Reimbursing printing expenses.
	; Receipt: documentation/2018/04/06/Alex_reimbursement_receipt.pdf
	Liability:Accounts Payable:Alex Wolf-Root		$92.25
	Assets:Checking						-$92.25

2018/04/11 Tasha Snow (tsnow03@gmail.com)
	; Receipt: documentation/2018/04/11/Paypal_TashaSnow_Receipt.pdf
	Income:Dues						-$20.00
		; MembershipExpires:: [2019/04/11]
		;:EnteredOnRoster:
	Income:Donations					-$0.80
	Accrued:Paypal						$20.80

2018/04/13 Jonathan Belcher (belcher.217@gmail.com)
	;Receipt: documentation/2018/04/13/Paypal_JonathanBelcher_Receipt.pdf
	Income:Dues						-$10.00
		; MembershipExpires:: [2019/09/11]
		;:EnteredOnRoster:
	Income:Donations					-$0.59
	Accrued:Paypal						$10.59

2018/04/19 Sarah Arpin (saraharpin9@gmail.com)
	; Receipt: documentation/2018/04/19/Paypal_SarahArpin_Receipt.pdf
	Income:Dues						-$20.00
		; MembershipExpires:: [2019/04/19]
		;:EnteredOnRoster:
	Income:Donations					-$0.80
	Accrued:Paypal						$20.80

2018/04/24 Allison Nowak (aenshelton@gmail.com)
	; Receipt: documentation/2018/04/19/Paypal_AllisonNowak_Receipt.pdf
	Income:Dues						-$20.00
		; MembershipExpires:: [2019/04/24]
	Income:Donations					-$0.80
	Accrued:Paypal						$20.80

2018/04/27 Elizabeth Butler (elbu3861@colorado.edu)
	; Receipt: documentation/2018/04/27/Paypal_ElizabethButler_Receipt.pdf
	Income:Dues						-$20.00
		; MembershipExpires:: [2019/04/24]
		;:EnteredOnRoster:
	Income:Donations					-$0.80
	Accrued:Paypal						$20.80

2018/04/28 Amanda White (xnd996@gmail.com)
	; Receipt: documentation/2018/04/28/Paypal_AmandaWhite_Receipt.pdf
	Income:Dues						-$20.00
		; MembershipExpires:: [2019/04/28]
		;:EnteredOnRoster:
	Income:Donations					-$0.80
	Accrued:Paypal						$20.80

2018/04/29 Diana Dorman (diana.dorman.07@gmail.com)
	; Receipt: documentation/2018/04/29/Paypal_DianaDorman_Receipt_1.pdf
	Income:Donations					-$5.00
	Accrued:Paypal						$5.00

2018/04/29 Diana Dorman (diana.dorman.07@gmail.com)
	; Receipt: documentation/2018/04/29/Paypal_DianaDorman_Receipt_2.pdf
	Income:Dues						-$20.00
		; MembershipExpires:: [2019/04/29]
	Accrued:Paypal						$20.00

2018/04/30 Yukai Chen (yukai.chen.91@gmail.com)
	; Receipt: documentation/2018/04/30/Paypal_YukaiChen_Receipt.pdf
	Income:Dues						-$10.00
		; MembershipExpires:: [2019/09/30]
		;:EnteredOnRoster:
	Income:Donations					-$0.59
	Accrued:Paypal						$10.59

2018/04/30 Ink Spot
	; Printing material for buttons.
	; Receipt: documentation/2018/04/30/Inkspot_Receipt.pdf
	Expenses:Advertising					$16.00
	Liability:Accounts Payable:Gregor Robinson		-$16.00

2018/05/01 ! IRS
	;Withholding $14/month toward IRS 1023 use fee.
	;Just an earmark, no receipt
	Liability:Earmarks:IRS					-$28.00
	Equity:Earmarks						$28.00

2018/05/01 Marianne Reddan (marianne.reddan@gmail.com)
	; Receipt: documentation/2018/05/01/food-receipt-1.pdf
	; Receipt: documentation/2018/05/01/food-receipt-2.pdf
	Expenses:Meetings					$38.98
	Liability:Accounts Payable:Marianne Reddan		-$38.98

2018/05/01 Lisette Arellano (ten.salamanders@gmail.com)
	; Receipt: documentation/2018/05/01/Paypal_LisetteArellano_Receipt.pdf
	Income:Donations					-$40.00
	Accrued:Paypal						$40.00

2018/05/01 Bogdan Petre (bogpetre@gmail.com)
	; Receipt: documentation/2018/05/01/Venmo_BogdanPetre_Receipt.pdf
	Income:Dues						-$20.00
		; MembershipExpires:: [2019/05/01]
	Liability:Xi Wang					$20.00

2018/05/02 Xi Wang (cele8stial@gmail.com)
	; Receipt: documentation/2018/05/02/Venmo_XiWang_Receipt.pdf
	Liability:Xi Wang					-$20.00
	Accrued:Venmo						$20.00

2018/05/06 Janet Ruppert (senorpenguino@yahoo.com)
	;Receipt: documentation/2018/05/06/Paypal_JanetRuppert_Receipt.pdf
	Income:Dues						-$20.00
		; MembershipExpires:: [2019/05/06]
		;:EnteredOnRoster:
	Income:Donations					-$20.00
	Accrued:Paypal						$40.00

;These amounts were verified, but Ledger isn't equipped to handle these nicely yet.
;	Accrued:Venmo						$0.00=$30.00
;	Accrued:Paypal						$0.00=$269.99

2018/05/10 Paypal
	;TaxImplication: Bank-Transfer
	Accrued:Paypal						-$269.99
	Assets:Checking						$269.99

2018/05/10 Venmo
	;TaxImplication: Bank-Transfer
	Accrued:Venmo						-$30.00
	Assets:Checking						$30.00

2018/05/10 Andrew Sturner (sturner.andrew@gmail.com)
	; Receipt: documentation/2018/05/23/Paypal_AndrewSturner_Receipt.pdf
	Income:Dues						-$20.00
		; MembershipExpires:: [2019/05/10]
		; :EnteredOnRoster:
	Income:Donations					-$0.80
	Accrued:Paypal						$20.80

2018/05/23 Bridget Menasche (b.l.menasche@gmail.com)
	; Receipt: documentation/2018/05/23/Paypal_BridgetMenasche_Receipt.pdf
	Income:Dues						-$10.00
		; MembershipExpires:: [2018/11/23]
		;:EnteredOnRoster:
	Income:Donations					-$0.59
	Accrued:Paypal						$10.59

2018/06/09 Google Domains
	; Receipt: documentation/2018/06/09/domain-purchase-receipt.pdf
	Expenses:Organizational					$12.00
	Liability:Accounts Payable:Gregor Robinson		-$12.00

2018/06/21 Maggie Jacoby (margaritejacoby@gmail.com)
	; Statement: documentation/2018/06/21/venmo_statement.pdf
	Income:Dues						-$20.00
		; MembershipExpires:: [2019/06/21]
	Accrued:Venmo						$20.00

2018/06/21 Aaron Guggenheim (aaron.guggenheim@gmail.com)
	; Statement: documentation/2018/06/21/venmo_statement.pdf
	Income:Dues						-$20.00
		; MembershipExpires:: [2019/06/21]
	Accrued:Venmo						$20.00

2018/06/25 Venmo
	; Receipt: documentation/2018/06/25/venmo_transfer_pending.pdf
	Accrued:Venmo						-$40.00
	Assets:Checking						$40.00

2018/07/01 IRS
	;Withholding $14/month toward IRS 1023 use fee.
	;Just an earmark, no receipt
	Liability:Earmarks:IRS					-$28.00
	Equity:Earmarks						$28.00

2018/07/03 Hilary Egan (hilary.egan@colorado.edu)
	; Receipt: documentation/2018/07/03/Paypal_HilaryEgan_Receipt.pdf
	Income:Dues						-$20.00
		; MembershipExpires:: [2019/07/03]
	Income:Donations					-$0.80
	Accrued:Paypal						$20.80

2018/07/04 Jake Cazden (jacazden@gmail.com)
	; Receipt: documentation/2018/07/04/Paypal_JakeCazden_Receipt.pdf
	Income:Dues						-$20.00
		; MembershipExpires:: [2019/07/04]
	Income:Donations					-$20.00
	Accrued:Paypal						$40.00

2018/07/06 CGEU
	; Receipt: documentation/2018/07/06/gregor_cgeu_receipt.pdf
	Expenses:Conferences					$50.00
	Liability:Accounts Payable:Gregor Robinson		-$50.00
	Equity:Earmarks						-$50.00
	Liability:Earmarks:CGEU 2018				$50.00

2018/08/26 CGEU
	; Receipt: 2018/07/09/katharine_cgeu_receipt.pdf
	Expenses:Conferences					$50.00
	Liability:Accounts Payable:Katharine Adamyk		-$50.00
	Equity:Earmarks						-$50.00
	Liability:Earmarks:CGEU 2018				$50.00

2018/07/12 United Airlines
	; Receipt: documentation/2018/07/12/marianne_united_receipt.pdf
	Expenses:Travel:Training				$98.20
	Liability:Accounts Payable:Marianne Reddan		-$98.20
	Equity:Earmarks						-$98.20
	Liability:Earmarks:CGEU 2018				$98.20

2018/07/12 Frontier Airlines
	; Receipt: documentation/2018/07/12/marianne_frontier_receipt.pdf
	Expenses:Travel:Training				$101.20
	Liability:Accounts Payable:Marianne Reddan		-$101.20
	Equity:Earmarks						-$101.20
	Liability:Earmarks:CGEU 2018				$101.20

2018/07/12 CGEU
	; Receipt: documentation/2018/07/12/marianne_cgeu_receipt.pdf
	Expenses:Conferences					$50.00
	Liability:Accounts Payable:Marianne Reddan		-$50.00
	Equity:Earmarks						-$50.00
	Liability:Earmarks:CGEU 2018				$50.00

2018/07/14 Earmark
	; Statement: documentation/2018/07/12/board_earmarks.pdf
	Equity:Earmarks						$900.00
	Liability:Earmarks:CGEU 2018				-$900.00

2018/07/14 Earmark
	; Statement: documentation/2018/07/12/board_earmarks.pdf
	Equity:Earmarks						$600.00
	Liability:Earmarks:Zine 2018				-$600.00

2018/07/18 Gregor Robinson (greg.a.robi@gmail.com)
	; Receipt: documentation/2018/07/12/Venmo_GregorRobinson_Receipt.pdf
	Income:Dues						-$20.00
		; MembershipExpires:: [2019/07/13]
		;:EnteredOnRoster:
	Income:Donations					-$20.00
	Accrued:Venmo						$40.00

2018/07/18 Peter Shaffery (pshaff2@gmail.com)
	; Receipt: documentation/2018/07/12/Venmo_PeterShaffery_Receipt.pdf
	Income:Dues						-$20.00
		; MembershipExpires:: [2019/07/13]
		;:EnteredOnRoster:
	Income:Donations					-$20.00
	Accrued:Venmo						$40.00

2018/07/22 Jonathyn Zapf (jonathynzapf@gmail.com)
	; Receipt: documentation/2018/07/22/Paypal_JonathynZapf_Receipt.pdf
	Income:Dues						-$20.00
		; MembershipExpires:: [2019/03/21]
		; :EnteredOnRoster:
	Income:Donations					-$0.80
	Accrued:Paypal						$20.80

2018/07/22 Pascale Meehan (pascale.meehan@gmail.com)
	; Receipt: documentation/2018/07/22/Paypal_PascaleMeehan_Receipt.pdf
	Income:Dues						-$20.00
		; MembershipExpires:: [2019/03/01]
		; :EnteredOnRoster:
	Income:Donations					-$0.80
	Accrued:Paypal						$20.80

2018/07/22 Richard Clancy (clancy.richie@gmail.com)
	; Receipt: documentation/2018/07/22/Paypal_RichardClancy_Receipt.pdf
	Income:Dues						-$20.00
		; MembershipExpires:: [2019/07/22]
		; :EnteredOnRoster:
	Income:Donations					-$0.80
	Accrued:Paypal						$20.80

2018/07/23 Matthew Esquivel
	; Statement: documentation/2018/07/12/board_earmarks.pdf
	Expenses:Contracted Temporary Help			$150.00
	Liability:Accounts Payable:Matthew Esquivel		-$150.00
	Liability:Accounts Payable:Matthew Esquivel		$150.00
	Assets:Checking						-$150.00
		;Check number 081
	Equity:Earmarks						-$150.00
	Liability:Earmarks:Zine 2018				$150.00

2018/07/26 Venmo
	; Receipt: documentation/2018/07/26/venmo_transfer_receipt.pdf
	Accrued:Venmo						-$80.00
	Assets:Checking						$80.00

2018/07/26 Paypal
	; Receipt: documentation/2018/07/26/paypal_transfer_receipt.pdf
	Accrued:Paypal						-$148.02
	Assets:Checking						$148.02

2018/07/26 Delta Airlines
	; Receipt: documentation/2018/07/26/delta_airlines_receipt.pdf
	Expenses:Travel:Training				$214.40
	Assets:Checking						-$214.40
	Equity:Earmarks						-$214.40
	Liability:Earmarks:CGEU 2018				$214.40

2018/07/26 Amazon
	; Receipt: documentation/2018/07/26/amazon_receipt.pdf
	Expenses:Supplies					$28.45
	Expenses:Sales Tax					$2.50
	Assets:Checking						-$30.95

2018/07/27 Devin Brent Pettigrew (dpettig08@gmail.com)
	; Receipt: documentation/2018/07/26/Paypal_DevinPettigrew_Receipt.pdf
	Income:Dues						-$20.00
		; MembershipExpires:: [2019/07/13]
		; :EnteredOnRoster:
	Income:Donations					-$0.80
	Accrued:Paypal						$20.80

2018/07/29 Frontier Airlines
	; Receipt: documentation/2018/07/29/frontier_receipt.pdf
	Expenses:Travel:Training				$93.20
	Assets:Checking						-$93.20
	Equity:Earmarks						-$93.20
	Liability:Earmarks:CGEU 2018				$93.20

2018/07/29 Spirit Airlines
	; Receipt: documentation/2018/07/29/spirit_receipt.pdf
	Expenses:Travel:Training				$140.29
	Assets:Checking						-$140.29
	Equity:Earmarks						-$140.29
	Liability:Earmarks:CGEU 2018				$140.29

2018/07/30 Gregor Robinson
	; Receipt: documentation/2018/07/30/Venmo_GregorRobinson_Receipt.pdf
	Liability:Accounts Payable:Gregor Robinson		$98.20
	Assets:Checking						-$98.20

2018/07/30 Marianne Reddan
	; Receipt: documentation/2018/07/30/Venmo_MarianneReddan_Receipt.pdf
	Liability:Accounts Payable:Marianne Reddan		$288.38
	Assets:Checking						-$288.38

2018/07/30 Alex Wolf-Root (runnerforlife86@gmail.com)
	; Receipt:
	Income:Dues						-$20.00
		; MembershipExpires:: [2019/07/13]
		; :EnteredOnRoster:
	Liability:Accounts Payable:Alex Wolf-Root		$9.56
	Assets:Checks						$10.44
		; ResponsibleParty: Gregor Robinson

2018/07/31 Brandon Daniels (Brandon.m.daniels@gmail.con)
	;Receipt: documentation/2018/07/31/Venmo_BrandonDaniels_Receipt.pdf
	Income:Dues						-$20.00
		; MembershipExpires:: [2019/07/31]
		; :EnteredOnRoster:
	Accrued:Venmo						$20.00

2018/09/01 ! IRS
	Liability:Earmarks:IRS					-$14.00
	Equity:Earmarks						$14.00

2018/08/03 Aaron Lamplugh (a.lamp.326@gmail.com)
	; Receipt: documentation/2018/08/03/Paypal_AaronLamplugh_Receipt.pdf
	Income:Dues
		; MembershipExpires:: [2019/08/03]
		; :EnteredOnRoster:
	Income:Donations					-$0.80
	Accrued:Paypal						$20.80

2018/08/03 Adjustments
	;Adding a couple pennies to adjust for rounding inconsistency
	Expenses:Transaction Fees				-$0.02
	Accrued:Paypal						$0.02

2018/08/03 Sushia Rahimiza (sushia.rahimi@gmail.com)
	; Receipt: documentation/2018/08/03/Paypal_SushiaRahimiza_Receipt.pdf
	Income:Dues
		; MembershipExpires:: [2019/08/03]
	Income:Donations					-$0.80
	Accrued:Paypal						$20.80

2018/08/06 Erika Schreiber (erikaschreiber@ymail.com)
	; Receipt: documentation/2018/08/06/Paypal_ErikaSchreiber_Receipt.pdf
	Income:Dues
		; MembershipExpires:: [2019/08/06]
		; :EnteredOnRoster:
	Income:Donations					-$0.80
	Accrued:Paypal						$20.80

2018/08/06 Jake Carias (jake.carias@live.com)
	; Receipt: documentation/2018/08/06/Paypal_JakeCarias_Receipt.pdf
	Income:Dues
		; MembershipExpires:: [2019/08/06]
		; :EnteredOnRoster:
	Income:Donations					-$0.80
	Accrued:Paypal						$20.80

2018/08/07 OpaVote LLC
	; Dues increase election.
	; Receipt: documentation/2018/08/07/opavote_1.pdf
	Expenses:Organizational					$10.00
	Accrued:Paypal						-$10.00

2018/08/08 OpaVote LLC
	; Bumped to new payment category due to incorrect emails on list.
	; Receipt: documentation/2018/08/08/opavote_2.pdf
	Expenses:Organizational					$10.00
	Accrued:Paypal						-$10.00

2018/08/13 Ink Spot
	; Receipt: documentation/2018/08/13/inkspot_debitcard_receipt.pdf
	; Receipt: documentation/2018/08/13/inkspot_itemized_receipt.pdf
	Expenses:Printing					$424.55
	Expenses:Sales Tax					$37.55
	Assets:Checking						-$462.10
	Liability:Earmarks:Zine 2018				$450.00
		; Overspent earmark.
	Equity:Earmarks						-$450.00

2018/08/13 CGEU
	; Refunded registration fee.
	; Receipt: documentation/2018/08/13/gregor_cgeu_reimbursement.pdf
	Income:Gifts In Kind					-$50.00
	Liability:Accounts Payable:Gregor Robinson		$50.00
	Equity:Earmarks						$50.00
	Liability:Earmarks:CGEU 2018				-$50.00

2018/08/14 Staples
	; Receipt: documentation/2018/08/14/staples_receipt.pdf
	Expenses:Program:Supplies				$37.48
	Expenses:Sales Tax					$3.32
	Liability:Accounts Payable:Marianne Reddan		-$40.80

2018/08/14 NYC MTA
	; Only counting $28 of this as reimbursable.
	; Receipt: documentation/2018/08/14/gregor_mta_receipt.jpg
	Expenses:Travel:Training				$28.00
	Liability:Accounts Payable:Gregor Robinson		-$28.00
	Equity:Earmarks						-$28.00
	Liability:Earmarks:CGEU 2018				$28.00

2018/08/18 NYC MTA
	; Receipt: documentation/2018/08/18/katharine_mta_receipt.jpg
	Expenses:Travel:Training				$10.50
	Liability:Accounts Payable:Katharine Adamyk		-$10.50
	Equity:Earmarks						-$10.50
	Liability:Earmarks:CGEU 2018				$10.50

2018/08/18 Pat Sprenger (sprenger.pat.g@gmail.com)
	; Receipt: documentation/2018/08/18/Stripe_PatrickSprenger_Receipt.pdf
	Income:Dues						-$29.00
		; :EnteredOnRoster:
		; MembershipExpires:: [2019/08/18]
	Expenses:Transaction Fees				$1.14
	Assets:Stripe						$27.86

2018/08/19 Ryan wade ruehlen (Ryanruehlen@gmail.com)
	; Receipt: documentation/2018/08/19/Stripe_RyanWadeRuehlen_Receipt.pdf
	Income:Dues						-$15.00
		; :EnteredOnRoster:
		; MembershipExpires:: [2019/02/19]
	Expenses:Transaction Fees				$0.74
	Assets:Stripe						$14.26

2018/08/20 Marianne Reddan
	; Receipt: documentation/2018/08/20/marianne-travel-alert.png
	; Receipt: documentation/2018/08/20/marianne-lyft-receipt.png
	Expenses:Travel:Training				$66.74
	Liability:Accounts Payable:Marianne Reddan		-$66.74
	Equity:Earmarks						-$66.74
	Liability:Earmarks:CGEU 2018				$66.74

2018/08/20 Peter Shaffery
	Income:Donations					-$3.00
	Expenses:Transaction Fees				$0.08
	Assets:Square						$2.92

2018/08/20 Tim Thorn (tthorn1981@gmail.com)
	Income:Dues						-$8.00
		; MembershipExpires:: [2019/02/20]
	Expenses:Transaction Fees				$0.22
	Assets:Square						$7.78

2018/08/20 Kelsey Cody (kelsey.cody@gmail.com)
	; Receipt: documentation/2018/08/20/Stripe_KelseyCody_Receipt.pdf
	Income:Dues						-$15.00
		; :EnteredOnRoster:
		; MembershipExpires:: [2019/02/20]
	Expenses:Transaction Fees				$0.74
	Assets:Stripe						$14.26

2018/08/20 Joshua Westerman (Joshuawesterman@alum.calarts.edu)
	; Receipt: documentation/2018/08/20/Stripe_JoshuaWesterman_Receipt.pdf
	Income:Dues						-$3.00
		; :EnteredOnRoster:
		; MembershipExpires:: [2018/09/20]
	Expenses:Transaction Fees				$0.39
	Assets:Stripe						$2.61

2018/08/20 Lindsey Ray (lira9391@colorado.edu)
	Income:Dues						-$8.00
		; :EnteredOnRoster:
		; MembershipExpires:: [2018/11/21]
	Expenses:Transaction Fees				$0.53
	Assets:Stripe						$7.47

2018/08/20 James Lee Massey (Jmassey512@yahoo.com)
	Income:Dues						-$29.00
		; :EnteredOnRoster:
		; MembershipExpires:: [2019/08/20]
	Expenses:Transaction Fees				$1.14
	Assets:Stripe						$27.86

2018/08/20 Ethan Grant Miller (emiller2011@gmail.com)
	Income:Dues						-$29.00
		; :EnteredOnRoster:
		; MembershipExpires:: [2019/08/20]
	Expenses:Transaction Fees				$1.14
	Assets:Stripe						$27.86

2018/08/21 Garrett Brennan Cairo (garrett.b.cairo@gmail.com)
	Income:Dues						-$29.00
		; :EnteredOnRoster:
		; MembershipExpires:: [2019/08/21]
	Expenses:Transaction Fees				$1.14
	Assets:Stripe						$27.86

2018/08/22 Chance Alexander Brandt (chance.brandt.a@gmail.com)
	Income:Dues						-$29.00
		; :EnteredOnRoster:
		; MembershipExpires:: [2019/08/22]
	Expenses:Transaction Fees				$1.14
	Assets:Stripe						$27.86

2018/08/22 Eric Buchanan (rushfanyyz@hotmail.com)
	Income:Dues						-$15.00
		; :EnteredOnRoster:
		; MembershipExpires:: [2019/02/22]
	Expenses:Transaction Fees				$0.74
	Assets:Stripe						$14.26

2018/08/22 Mitchell Magrini (mitch.magrini@gmail.com)
	Income:Dues						-$15.00
		; :EnteredOnRoster:
		; MembershipExpires:: [2019/02/22]
	Expenses:Transaction Fees				$0.74
	Assets:Stripe						$14.26

2017/08/22 CGEU
	; Statement: documentation/2018/08/22/Venmo_CGEU_Receipt.pdf
	Income:Grants:Nonprofit					-$300.00
	Accrued:Venmo						$300.00
	Equity:Earmarks						$300.00
	Liability:Earmarks:CGEU 2018				-$300.00

2018/08/22 Sabina Altus (sabatroid@gmail.com)
	Income:Dues						-$29.00
		; :EnteredOnRoster:
		; MembershipExpires:: [2019/08/22]
	Expenses:Transaction Fees				$1.14
	Assets:Stripe						$27.86

2018/08/22 Venmo
	; Receipt: documentation/2018/08/22/Venmo_Transfer_Receipt.pdf
	Accrued:Venmo						-$320.00
	Assets:Checking						$320.00

2018/08/22 Marianne Reddan
	; Statement: documentation/2018/08/22/marianne_reimbursement.pdf
	Assets:Checking						-$107.54
	Liability:Accounts Payable:Marianne Reddan		$107.54

2018/08/22 Gregor Robinson
	; Statement: documentation/2018/08/22/gregor_reimbursement.pdf
	Liability:Accounts Payable:Gregor Robinson		-$50.00
	Accrued:Venmo						$50.00

2018/08/22 Square
	Assets:Square						-$10.70
	Assets:Checking						$10.70

2018/08/22 Unknown
	; Writing off Illegal Pete's food, which did not in fact appear on
	; our debit card statements.
	Income:Gifts In Kind					-$200.00
	Liability:Unknown					$200.00

2018/08/23 Andrew Joseph Chomas (ajchomas90@gmail.com)
	Income:Dues						-$15.00
		; :EnteredOnRoster:
		; MembershipExpires:: [2019/02/23]
	Expenses:Transaction Fees				$0.74
	Assets:Stripe						$14.26

2018/08/23 Charles Wofford (CWofford.music@gmail.com)
	Income:Dues						-$29.00
		; :EnteredOnRoster:
		; MembershipExpires:: [2019/08/23]
	Expenses:Transaction Fees				$1.14
	Assets:Stripe						$27.86

2018/08/23 Gregory Edward Dwulet (gregdwulet@gmail.com)
	Income:Dues						-$29.00
		; :EnteredOnRoster:
		; MembershipExpires:: [2019/08/23]
	Expenses:Transaction Fees				$1.14
	Assets:Stripe						$27.86

2018/08/23 Liam Madden (liam.madden1@gmail.com)
	; ReceiptURI: /receipt/ahBzfmpvaW4tdGhlLXVuaW9ucicLEhpTaW1wbGVGaW5hbmNpYWxUcmFuc2FjdGlvbhiAgIDAr-idCgw/0
	; Receipt: documentation/2018/08/23/Stripe_in_1D2R6EDuemkjpqMrqwUNf9FK_Receipt.json
	Income:Dues                                                                       $-29.00
		; :EnteredOnRoster:
		; MembershipExpires:: [2019/08/23]
	Assets:Stripe                                                                     $29.00
	Expenses:Transaction Fees                                                         $1.14
	Assets:Stripe                                                                     $-1.14

2018/08/24 Peter Robert Rock II (Peter.r.rock2@gmail.com)
	; ReceiptURI: /receipt/ahBzfmpvaW4tdGhlLXVuaW9ucicLEhpTaW1wbGVGaW5hbmNpYWxUcmFuc2FjdGlvbhiAgICgl-6TCgw/0
	; Receipt: documentation/2018/08/24/Stripe_in_1D2iwrDuemkjpqMrmFLrf5YP_Receipt.json
	Income:Dues                                                                       $-29.00
		; :EnteredOnRoster:
		; MembershipExpires:: [2019/08/24]
	Assets:Stripe                                                                     $29.00
	Expenses:Transaction Fees                                                         $1.14
	Assets:Stripe                                                                     $-1.14

2018/08/24 Connor Alexander McCranie (comc6405@colorado.edu)
	; ReceiptURI: /receipt/ahBzfmpvaW4tdGhlLXVuaW9ucicLEhpTaW1wbGVGaW5hbmNpYWxUcmFuc2FjdGlvbhiAgICQ6MiECQw/0
	; Receipt: documentation/2018/08/24/Stripe_in_1D2izzDuemkjpqMraPgdYGX5_Receipt.json
	Income:Dues                                                                       $-15.00
		; :EnteredOnRoster:
		; MembershipExpires:: [2019/02/24]
	Assets:Stripe                                                                     $15.00
	Expenses:Transaction Fees                                                         $0.74
	Assets:Stripe                                                                     $-0.74

2018/08/24 Ian Daniel Miller (Ian.miller.us@gmail.com)
	; ReceiptURI: /receipt/ahBzfmpvaW4tdGhlLXVuaW9ucicLEhpTaW1wbGVGaW5hbmNpYWxUcmFuc2FjdGlvbhiAgIDAr6aTCQw/0
	; Receipt: documentation/2018/08/24/Stripe_in_1D2j5EDuemkjpqMrZNPQzkcx_Receipt.json
	Income:Dues                                                                       $-15.00
		; :EnteredOnRoster:
		; MembershipExpires:: [2019/02/24]
	Assets:Stripe                                                                     $15.00
	Expenses:Transaction Fees                                                         $0.74
	Assets:Stripe                                                                     $-0.74

2018/08/24 Erik Royd Feirin Knutsen (Kenteruskin@gmail.com)
	; ReceiptURI: /receipt/ahBzfmpvaW4tdGhlLXVuaW9ucicLEhpTaW1wbGVGaW5hbmNpYWxUcmFuc2FjdGlvbhiAgIDAvMaOCQw/0
	; Receipt: documentation/2018/08/24/Stripe_in_1D2j8uDuemkjpqMraWyGceKJ_Receipt.json
	Income:Dues                                                                       $-29.00
		; :EnteredOnRoster:
		; MembershipExpires:: [2019/08/24]
	Assets:Stripe                                                                     $29.00
	Expenses:Transaction Fees                                                         $1.14
	Assets:Stripe                                                                     $-1.14

2018/08/24 Hunter McClain Davenport (hunterchegg@gmail.com)
	; ReceiptURI: /receipt/ahBzfmpvaW4tdGhlLXVuaW9ucicLEhpTaW1wbGVGaW5hbmNpYWxUcmFuc2FjdGlvbhiAgICQqu-UCQw/0
	; Receipt: documentation/2018/08/24/Stripe_in_1D2jCbDuemkjpqMrSpfrvrDG_Receipt.json
	Income:Dues                                                                       $-29.00
		; :EnteredOnRoster:
		; MembershipExpires:: [2019/08/24]
	Assets:Stripe                                                                     $29.00
	Expenses:Transaction Fees                                                         $1.14
	Assets:Stripe                                                                     $-1.14

2018/08/24 Christopher James Keala Eblen (eblenchris@gmail.com)
	; ReceiptURI: /receipt/ahBzfmpvaW4tdGhlLXVuaW9ucicLEhpTaW1wbGVGaW5hbmNpYWxUcmFuc2FjdGlvbhiAgIDAvJGfCQw/0
	; Receipt: documentation/2018/08/24/Stripe_in_1D2jF7DuemkjpqMrFtWxH1v8_Receipt.json
	Income:Dues                                                                       $-29.00
		; :EnteredOnRoster:
		; MembershipExpires:: [2019/08/24]
	Assets:Stripe                                                                     $29.00
	Expenses:Transaction Fees                                                         $1.14
	Assets:Stripe                                                                     $-1.14

2018/08/24 Shen Lu (Shen.Lu@colorado.edu)
	; ReceiptURI: /receipt/ahBzfmpvaW4tdGhlLXVuaW9ucicLEhpTaW1wbGVGaW5hbmNpYWxUcmFuc2FjdGlvbhiAgICQqNfZCww/0
	; Receipt: documentation/2018/08/24/Stripe_in_1D2jVZDuemkjpqMr0r8Vndgy_Receipt.json
	Income:Dues                                                                       $-29.00
		; :EnteredOnRoster:
		; MembershipExpires:: [2019/08/24]
	Assets:Stripe                                                                     $29.00
	Expenses:Transaction Fees                                                         $1.14
	Assets:Stripe                                                                     $-1.14

2018/08/24 David A Chu (david.chu@colorado.edu)
	; ReceiptURI: /receipt/ahBzfmpvaW4tdGhlLXVuaW9ucicLEhpTaW1wbGVGaW5hbmNpYWxUcmFuc2FjdGlvbhiAgICgtbudCQw/0
	; Receipt: documentation/2018/08/24/Stripe_in_1D2kvADuemkjpqMrZSvrvC6L_Receipt.json
	Income:Dues                                                                       $-29.00
		; :EnteredOnRoster:
		; MembershipExpires:: [2019/08/24]
	Assets:Stripe                                                                     $29.00
	Expenses:Transaction Fees                                                         $1.14
	Assets:Stripe                                                                     $-1.14

2018/08/24 Arielle Hardy (arielle.hardy@colorado.edu)
	; ReceiptURI: /receipt/ahBzfmpvaW4tdGhlLXVuaW9ucicLEhpTaW1wbGVGaW5hbmNpYWxUcmFuc2FjdGlvbhiAgICgjvOICww/0
	; Receipt: documentation/2018/08/24/Stripe_in_1D2l2BDuemkjpqMr0DGK2NyM_Receipt.json
	Income:Dues                                                                       $-3.00
		; :EnteredOnRoster:
		; MembershipExpires:: [2019/09/24]
		; MembershipRenewed:: [2018/09/24]
	Assets:Stripe                                                                     $3.00
	Expenses:Transaction Fees                                                         $0.39
	Assets:Stripe                                                                     $-0.39

2018/08/24 Sierra Dawn Rogers Schiano (sierraschiano@gmail.com)
	; ReceiptURI: /receipt/ahBzfmpvaW4tdGhlLXVuaW9ucicLEhpTaW1wbGVGaW5hbmNpYWxUcmFuc2FjdGlvbhiAgICg9aCCCww/0
	; Receipt: documentation/2018/08/24/Stripe_in_1D2l7PDuemkjpqMr1SvbKEzo_Receipt.json
	Income:Dues                                                                       $-15.00
		; :EnteredOnRoster:
		; MembershipExpires:: [2019/02/24]
	Assets:Stripe                                                                     $15.00
	Expenses:Transaction Fees                                                         $0.74
	Assets:Stripe                                                                     $-0.74

2018/08/24 Emma Adler Sterling (esterlingmka@gmail.com)
	; ReceiptURI: /receipt/ahBzfmpvaW4tdGhlLXVuaW9ucicLEhpTaW1wbGVGaW5hbmNpYWxUcmFuc2FjdGlvbhiAgIDAwLyfCww/0
	; Receipt: documentation/2018/08/24/Stripe_in_1D2l7gDuemkjpqMrQ9bIOHvK_Receipt.json
	Income:Dues                                                                       $-15.00
		; :EnteredOnRoster:
		; MembershipExpires:: [2019/02/24]
	Assets:Stripe                                                                     $15.00
	Expenses:Transaction Fees                                                         $0.74
	Assets:Stripe                                                                     $-0.74

2018/08/24 Marla Schulz (marlaa.schulz@gmail.com)
	; ReceiptURI: /receipt/ahBzfmpvaW4tdGhlLXVuaW9ucicLEhpTaW1wbGVGaW5hbmNpYWxUcmFuc2FjdGlvbhiAgICgl-6TCww/0
	; Receipt: documentation/2018/08/24/Stripe_in_1D2lfIDuemkjpqMrVFYzanxr_Receipt.json
	Income:Dues                                                                       $-15.00
		; :EnteredOnRoster:
		; MembershipExpires:: [2019/02/24]
	Assets:Stripe                                                                     $15.00
	Expenses:Transaction Fees                                                         $0.74
	Assets:Stripe                                                                     $-0.74

2018/08/24 Christopher Michael Saldana (cmsaldan@gmail.com)
	; ReceiptURI: /receipt/ahBzfmpvaW4tdGhlLXVuaW9ucicLEhpTaW1wbGVGaW5hbmNpYWxUcmFuc2FjdGlvbhiAgIDAvJHfCQw/0
	; Receipt: documentation/2018/08/24/Stripe_in_1D2mLiDuemkjpqMrkD71A2lw_Receipt.json
	Income:Dues                                                                       $-15.00
		; :EnteredOnRoster:
		; MembershipExpires:: [2019/02/24]
	Assets:Stripe                                                                     $15.00
	Expenses:Transaction Fees                                                         $0.74
	Assets:Stripe                                                                     $-0.74

2018/08/24 Braden Balentine (thesunlounge23@gmail.com)
	; ReceiptURI: /receipt/ahBzfmpvaW4tdGhlLXVuaW9ucicLEhpTaW1wbGVGaW5hbmNpYWxUcmFuc2FjdGlvbhiAgIDAr7HKCQw/0
	; Receipt: documentation/2018/08/24/Stripe_in_1D2nnwDuemkjpqMr4QnFpMpd_Receipt.json
	Income:Dues                                                                       $-29.00
		; :EnteredOnRoster:
		; MembershipExpires:: [2019/08/24]
	Assets:Stripe                                                                     $29.00
	Expenses:Transaction Fees                                                         $1.14
	Assets:Stripe                                                                     $-1.14

2018/08/24 Taylor Joseph Klotz (Taylor.klotz.23@gmail.com)
	; ReceiptURI: /receipt/ahBzfmpvaW4tdGhlLXVuaW9ucicLEhpTaW1wbGVGaW5hbmNpYWxUcmFuc2FjdGlvbhiAgICQ6riNCQw/0
	; Receipt: documentation/2018/08/24/Stripe_in_1D2nqLDuemkjpqMruZoIOny5_Receipt.json
	Income:Dues                                                                       $-29.00
		; :EnteredOnRoster:
		; MembershipExpires:: [2019/08/24]
	Assets:Stripe                                                                     $29.00
	Expenses:Transaction Fees                                                         $1.14
	Assets:Stripe                                                                     $-1.14

2018/08/24 Jonathan Quartin (jonathanquartin@berkeley.edu)
	; ReceiptURI: /receipt/ahBzfmpvaW4tdGhlLXVuaW9ucicLEhpTaW1wbGVGaW5hbmNpYWxUcmFuc2FjdGlvbhiAgIDAvMbOCAw/0
	; Receipt: documentation/2018/08/24/Stripe_in_1D2nyKDuemkjpqMrsGayfUc5_Receipt.json
	Income:Dues                                                                       $-29.00
		; :EnteredOnRoster:
		; MembershipExpires:: [2019/08/24]
	Assets:Stripe                                                                     $29.00
	Expenses:Transaction Fees                                                         $1.14
	Assets:Stripe                                                                     $-1.14

2018/08/24 Matthew Pierson (matthew.pierson90@gmail.com)
	; ReceiptURI: /receipt/ahBzfmpvaW4tdGhlLXVuaW9ucicLEhpTaW1wbGVGaW5hbmNpYWxUcmFuc2FjdGlvbhiAgIDAwLzfCAw/0
	; Receipt: documentation/2018/08/24/Stripe_in_1D2oIzDuemkjpqMrx1Q6wS9b_Receipt.json
	Income:Dues                                                                       $-29.00
		; :EnteredOnRoster:
		; MembershipExpires:: [2019/08/24]
	Assets:Stripe                                                                     $29.00
	Expenses:Transaction Fees                                                         $1.14
	Assets:Stripe                                                                     $-1.14

2018/08/24 Alexander Thomas Gilligan (axgilligan@yahoo.com)
	; ReceiptURI: /receipt/ahBzfmpvaW4tdGhlLXVuaW9ucicLEhpTaW1wbGVGaW5hbmNpYWxUcmFuc2FjdGlvbhiAgICQqvPFCww/0
	; Receipt: documentation/2018/08/24/Stripe_in_1D2ozSDuemkjpqMrewjjHCNn_Receipt.json
	Income:Dues                                                                       $-29.00
		; :EnteredOnRoster:
		; MembershipExpires:: [2019/08/24]
	Assets:Stripe                                                                     $29.00
	Expenses:Transaction Fees                                                         $1.14
	Assets:Stripe                                                                     $-1.14

2018/08/24 Krisztina Dearborn (Krisztinadrbrn@gmail.com)
	; ReceiptURI: /receipt/ahBzfmpvaW4tdGhlLXVuaW9ucicLEhpTaW1wbGVGaW5hbmNpYWxUcmFuc2FjdGlvbhiAgIDAr6bTCgw/0
	; Receipt: documentation/2018/08/24/Stripe_in_1D2pHeDuemkjpqMrq3OrjT3Q_Receipt.json
	Income:Dues                                                                       $-15.00
		; :EnteredOnRoster:
		; MembershipExpires:: [2019/02/24]
	Assets:Stripe                                                                     $15.00
	Expenses:Transaction Fees                                                         $0.74
	Assets:Stripe                                                                     $-0.74

2018/08/24 Harry Dudley (Harryjdudley@gmail.com)
	; ReceiptURI: /receipt/ahBzfmpvaW4tdGhlLXVuaW9ucicLEhpTaW1wbGVGaW5hbmNpYWxUcmFuc2FjdGlvbhiAgICgjuXRCQw/0
	; Receipt: documentation/2018/08/24/Stripe_in_1D2pO2DuemkjpqMr7CbmkgzB_Receipt.json
	Income:Dues                                                                       $-29.00
		; :EnteredOnRoster:
		; MembershipExpires:: [2019/08/24]
	Assets:Stripe                                                                     $29.00
	Expenses:Transaction Fees                                                         $1.14
	Assets:Stripe                                                                     $-1.14

2018/08/24 Hwa Yeon Lee (hwayeon1228@gmail.com)
	; ReceiptURI: /receipt/ahBzfmpvaW4tdGhlLXVuaW9ucicLEhpTaW1wbGVGaW5hbmNpYWxUcmFuc2FjdGlvbhiAgICgjNeQCww/0
	; Receipt: documentation/2018/08/24/Stripe_in_1D2piNDuemkjpqMr2zhZ5KDt_Receipt.json
	Income:Dues                                                                       $-29.00
		; :EnteredOnRoster:
		; MembershipExpires:: [2019/08/24]
	Assets:Stripe                                                                     $29.00
	Expenses:Transaction Fees                                                         $1.43
	Assets:Stripe                                                                     $-1.43

2018/08/25 Caleb Miller (cmiler.9@gmail.com)
	; ReceiptURI: /receipt/ahBzfmpvaW4tdGhlLXVuaW9ucicLEhpTaW1wbGVGaW5hbmNpYWxUcmFuc2FjdGlvbhiAgICgjuXRCww/0
	; Receipt: documentation/2018/08/25/Stripe_in_1D386dDuemkjpqMrcdJBgAC5_Receipt.json
	Income:Dues                                                                       $-29.00
		; :EnteredOnRoster:
		; MembershipExpires:: [2019/08/25]
	Assets:Stripe                                                                     $29.00
	Expenses:Transaction Fees                                                         $1.14
	Assets:Stripe                                                                     $-1.14

2018/08/24 Matthew Pierson (matthew.pierson90@gmail.com)
	Income:Donations								-$100.00
	Accrued:Paypal									$100.00

2018/08/25 Labor Notes
	; Receipt: documentation/2018/08/25/labor_notes.pdf
	Expenses:Program:Books and Refs				$50.00
	Assets:Checking						-$50.00

2018/08/25 Shawn Geller (geller.s@protonmail.com)
	; ReceiptURI: /receipt/ahBzfmpvaW4tdGhlLXVuaW9ucicLEhpTaW1wbGVGaW5hbmNpYWxUcmFuc2FjdGlvbhiAgICA0saUCgw/0
	; Receipt: documentation/2018/08/25/Stripe_in_1D3E9jDuemkjpqMrs64xUYEw_Receipt.json
	Income:Dues                                                                       $-15.00
		; :EnteredOnRoster:
		; MembershipExpires:: [2019/08/25]
	Assets:Stripe                                                                     $15.00
	Expenses:Transaction Fees                                                         $0.73
	Assets:Stripe                                                                     $-0.73

2018/08/26 Kevin Michael Berg (berg.kevinm@gmail.com)
	; ReceiptURI: /receipt/ahBzfmpvaW4tdGhlLXVuaW9ucicLEhpTaW1wbGVGaW5hbmNpYWxUcmFuc2FjdGlvbhiAgIDg-9mBCQw/0
	; Receipt: documentation/2018/08/26/Stripe_in_1D3NMADuemkjpqMrK5L6ew4i_Receipt.json
	Income:Dues                                                                       $-29.00
		; :EnteredOnRoster:
		; MembershipExpires:: [2019/08/26]
	Assets:Stripe                                                                     $29.00
	Expenses:Transaction Fees                                                         $1.14
	Assets:Stripe                                                                     $-1.14

2018/08/26 William Francis McGrew (will.f.mcgrew@gmail.com)
	; ReceiptURI: /receipt/ahBzfmpvaW4tdGhlLXVuaW9ucicLEhpTaW1wbGVGaW5hbmNpYWxUcmFuc2FjdGlvbhiAgICA4ZmaCQw/0
	; Receipt: documentation/2018/08/26/Stripe_in_1D3OazDuemkjpqMr0U7BT6EA_Receipt.json
	Income:Dues                                                                       $-29.00
		; :EnteredOnRoster:
		; MembershipExpires:: [2019/08/26]
	Assets:Stripe                                                                     $29.00
	Expenses:Transaction Fees                                                         $1.14
	Assets:Stripe                                                                     $-1.14

2018/08/26 Sebastian Bozlee (sebbyj@gmail.com)
	; ReceiptURI: /receipt/ahBzfmpvaW4tdGhlLXVuaW9ucicLEhpTaW1wbGVGaW5hbmNpYWxUcmFuc2FjdGlvbhiAgIDgxOS1CAw/0
	; Receipt: documentation/2018/08/26/Stripe_in_1D3RUqDuemkjpqMrE6gJwUgT_Receipt.json
	Income:Dues                                                                       $-29.00
		; :EnteredOnRoster:
		; MembershipExpires:: [2019/08/26]
	Assets:Stripe                                                                     $29.00
	Expenses:Transaction Fees                                                         $1.14
	Assets:Stripe                                                                     $-1.14

2017/08/27 Theodore Barnhart (tbbarnhart@gmail.com)
	; Receipt: documentation/2018/08/26/Paypal_TheodoreBarnhart_Receipt.pdf
	Income:Donations								-$50.00
	Accrued:Paypal									$50.00

2018/08/26 Laura Maguire (lauramaguire37@gmail.com)
	; ReceiptURI: /receipt/ahBzfmpvaW4tdGhlLXVuaW9ucicLEhpTaW1wbGVGaW5hbmNpYWxUcmFuc2FjdGlvbhiAgIDg-5eJCgw/0
	; Receipt: documentation/2018/08/26/Stripe_in_1D3XLvDuemkjpqMr92BvaYWa_Receipt.json
	Income:Dues                                                                       $-29.00
		; :EnteredOnRoster:
		; MembershipExpires:: [2019/08/26]
	Assets:Stripe                                                                     $29.00
	Expenses:Transaction Fees                                                         $1.14
	Assets:Stripe                                                                     $-1.14

2018/08/26 CGEU
	; CGEU paid Katharine to cover the cost of registration, .
	; Receipt: documentation/2018/07/09/katharine_cgeu_receipt.pdf
	Income:Gifts In Kind								-$50.00
	Income:Grants:Nonprofit								-$232.00
	Assets:Contributions Receivable:Katharine Adamyk				$282.00
	Liability:Earmarks:CGEU 2018							-$282.00
	Equity:Earmarks									$282.00

2018/08/26 Katharine Adamyk
	; Receipt: documentation/2018/08/26/Venmo_KatharineAdamyk_Receipt.pdf
	Assets:Contributions Receivable:Katharine Adamyk				-$282.00
	Accrued:Venmo									$282.00

2018/08/26 CGEU
	Liability:Earmarks:CGEU 2018							$601.47
	Equity:Earmarks									-$601.47

2018/08/26 Marianne Reddan (marianne.reddan@gmail.com)
	; ReceiptURI: /receipt/ahBzfmpvaW4tdGhlLXVuaW9ucicLEhpTaW1wbGVGaW5hbmNpYWxUcmFuc2FjdGlvbhiAgICA0IyICQw/0
	; Receipt: documentation/2018/08/26/Stripe_in_1D3ZRCDuemkjpqMr5LoRnkiV_Receipt.json
	Income:Dues                                                                       $-29.00
		; :EnteredOnRoster:
		; MembershipExpires:: [2019/08/26]
	Assets:Stripe                                                                     $29.00
	Expenses:Transaction Fees                                                         $1.14
	Assets:Stripe                                                                     $-1.14

2018/08/26 Katharine Adamyk
	; Receipt: documentation/2018/08/26/Donation_KatharineAdamyk_Receipt.pdf
	Income:Donations								-$60.50
	Liability:Accounts Payable:Katharine Adamyk					$60.50

2018/08/26 Natalie Alexis Sharp (natalie.sharp@colorado.edu)
	; ReceiptURI: /receipt/ahBzfmpvaW4tdGhlLXVuaW9ucicLEhpTaW1wbGVGaW5hbmNpYWxUcmFuc2FjdGlvbhiAgICA0o2cCgw/0
	; Receipt: documentation/2018/08/26/Stripe_in_1D3apIDuemkjpqMrbSua8Pnd_Receipt.json
	Income:Dues                                                                       $-15.00
		; :EnteredOnRoster:
		; MembershipExpires:: [2019/08/26]
	Assets:Stripe                                                                     $15.00
	Expenses:Transaction Fees                                                         $0.73
	Assets:Stripe                                                                     $-0.73

2018/08/27 Roger Keith Emmelhainz (emmelhainz@gmail.com)
	; ReceiptURI: /receipt/ahBzfmpvaW4tdGhlLXVuaW9ucicLEhpTaW1wbGVGaW5hbmNpYWxUcmFuc2FjdGlvbhiAgICQmqqPCgw/0
	; Receipt: documentation/2018/08/27/Stripe_in_1D3lgcDuemkjpqMrZDNAk7zI_Receipt.json
	Income:Dues                                                                       $-29.00
		; :EnteredOnRoster:
		; MembershipExpires:: [2019/08/27]
	Assets:Stripe                                                                     $29.00
	Expenses:Transaction Fees                                                         $1.14
	Assets:Stripe                                                                     $-1.14

2018/08/27 Nathan Harry Lee-Ammons (nathan.leeammons@gmail.com)
	; ReceiptURI: /receipt/ahBzfmpvaW4tdGhlLXVuaW9ucicLEhpTaW1wbGVGaW5hbmNpYWxUcmFuc2FjdGlvbhiAgIDA7_mQCQw/0
	; Receipt: documentation/2018/08/27/Stripe_in_1D3m4kDuemkjpqMrNgOlE623_Receipt.json
	Income:Dues                                                                       $-29.00
		; :EnteredOnRoster:
		; MembershipExpires:: [2019/08/27]
	Assets:Stripe                                                                     $29.00
	Expenses:Transaction Fees                                                         $1.14
	Assets:Stripe                                                                     $-1.14

2018/08/27 Emily Therese Loker (lokere01@gmail.com)
	; ReceiptURI: /receipt/ahBzfmpvaW4tdGhlLXVuaW9ucicLEhpTaW1wbGVGaW5hbmNpYWxUcmFuc2FjdGlvbhiAgICA0LOMCgw/0
	; Receipt: documentation/2018/08/27/Stripe_in_1D3n5VDuemkjpqMragePkwwZ_Receipt.json
	Income:Dues                                                                       $-15.00
		; :EnteredOnRoster:
		; MembershipExpires:: [2019/02/27]
	Assets:Stripe                                                                     $15.00
	Expenses:Transaction Fees                                                         $0.73
	Assets:Stripe                                                                     $-0.73

2018/08/27 Aaron Malone (aamalone@gmail.com)
	; ReceiptURI: /receipt/ahBzfmpvaW4tdGhlLXVuaW9ucicLEhpTaW1wbGVGaW5hbmNpYWxUcmFuc2FjdGlvbhiAgICQmqqPCQw/0
	; Receipt: documentation/2018/08/27/Stripe_in_1D3wgUDuemkjpqMrcwoyE9gO_Receipt.json
	Income:Dues                                                                       $-29.00
		; :EnteredOnRoster:
		; MembershipExpires:: [2019/08/27]
	Assets:Stripe                                                                     $29.00
	Expenses:Transaction Fees                                                         $1.14
	Assets:Stripe                                                                     $-1.14

2018/08/27 Stephanie Katherine Jarvis (stephaniekjarvis@gmail.com)
	; ReceiptURI: /receipt/ahBzfmpvaW4tdGhlLXVuaW9ucicLEhpTaW1wbGVGaW5hbmNpYWxUcmFuc2FjdGlvbhiAgIDAgoiSCQw/0
	; Receipt: documentation/2018/08/27/Stripe_in_1D3xs3DuemkjpqMrt8PXNNKi_Receipt.json
	Income:Dues                                                                       $-29.00
		; :EnteredOnRoster:
		; MembershipExpires:: [2019/08/27]
	Assets:Stripe                                                                     $29.00
	Expenses:Transaction Fees                                                         $1.14
	Assets:Stripe                                                                     $-1.14

2018/08/28 Alina Margarita Mateo (allydr90@gmail.com)
	; ReceiptURI: /receipt/ahBzfmpvaW4tdGhlLXVuaW9ucicLEhpTaW1wbGVGaW5hbmNpYWxUcmFuc2FjdGlvbhiAgIDA77eYCgw/0
	; Receipt: documentation/2018/08/28/Stripe_in_1D4CObDuemkjpqMrg3XNMnGJ_Receipt.json
	Income:Dues                                                                       $-15.00
		; :EnteredOnRoster:
		; MembershipExpires:: [2019/08/28]
	Assets:Stripe                                                                     $15.00
	Expenses:Transaction Fees                                                         $0.73
	Assets:Stripe                                                                     $-0.73

2018/08/29 Fortino Mario Garcia (fortino.m.garcia@gmail.com)
	; ReceiptURI: /receipt/ahBzfmpvaW4tdGhlLXVuaW9ucicLEhpTaW1wbGVGaW5hbmNpYWxUcmFuc2FjdGlvbhiAgICAw_ORCgw/0
	; Receipt: documentation/2018/08/29/Stripe_in_1D4WtyDuemkjpqMrOnwajyVM_Receipt.json
	Income:Dues                                                                       $-29.00
		; :EnteredOnRoster:
		; MembershipExpires:: [2019/08/29]
	Assets:Stripe                                                                     $29.00
	Expenses:Transaction Fees                                                         $1.14
	Assets:Stripe                                                                     $-1.14

2018/08/29 Yasemin Pacalioglu (Yaseminpacalioglu@gmail.com)
	; ReceiptURI: /receipt/ahBzfmpvaW4tdGhlLXVuaW9ucicLEhpTaW1wbGVGaW5hbmNpYWxUcmFuc2FjdGlvbhiAgICAsPGbCgw/0
	; Receipt: documentation/2018/08/29/Stripe_in_1D4dYoDuemkjpqMrvTbcUEL8_Receipt.json
	Income:Dues                                                                       $-15.00
		; :EnteredOnRoster:
		; MembershipExpires:: [2019/08/29]
	Assets:Stripe                                                                     $15.00
	Expenses:Transaction Fees                                                         $0.73
	Assets:Stripe                                                                     $-0.73

2018/08/29 Kylen Solvik (kysolvik@gmail.com)
	; ReceiptURI: /receipt/ahBzfmpvaW4tdGhlLXVuaW9ucicLEhpTaW1wbGVGaW5hbmNpYWxUcmFuc2FjdGlvbhiAgIDA_pqMCgw/0
	; Receipt: documentation/2018/08/29/Stripe_in_1D4euhDuemkjpqMrXTck50ry_Receipt.json
	Income:Dues                                                                       $-29.00
		; :EnteredOnRoster:
		; MembershipExpires:: [2019/08/29]
	Assets:Stripe                                                                     $29.00
	Expenses:Transaction Fees                                                         $1.14
	Assets:Stripe                                                                     $-1.14

2018/08/29 Tarah Michelle Donoghue (Mdonoghue@uco.edu)
	; ReceiptURI: /receipt/ahBzfmpvaW4tdGhlLXVuaW9ucicLEhpTaW1wbGVGaW5hbmNpYWxUcmFuc2FjdGlvbhiAgICAsJaKCQw/0
	; Receipt: documentation/2018/08/29/Stripe_in_1D4fVVDuemkjpqMrZhpsLBf8_Receipt.json
	Income:Dues                                                                       $-29.00
		; :EnteredOnRoster:
		; MembershipExpires:: [2019/08/29]
	Assets:Stripe                                                                     $29.00
	Expenses:Transaction Fees                                                         $1.14
	Assets:Stripe                                                                     $-1.14

2018/08/30 Lucia Minah Yang (minahdotdotdot@gmail.com)
	; ReceiptURI: /receipt/ahBzfmpvaW4tdGhlLXVuaW9ucicLEhpTaW1wbGVGaW5hbmNpYWxUcmFuc2FjdGlvbhiAgICgzvuTCww/0
	; Receipt: documentation/2018/08/30/Stripe_in_1D4ztiDuemkjpqMrWCNRz12u_Receipt.json
	Income:Dues                                                                       $-29.00
		; :EnteredOnRoster:
		; MembershipExpires:: [2019/08/30]
	Assets:Stripe                                                                     $29.00
	Expenses:Transaction Fees                                                         $1.14
	Assets:Stripe                                                                     $-1.14

2018/08/30 Lucia Minah Yang (minahdotdotdot@gmail.com)
	; Receipt: documentation/2018/08/30/Stripe_MinahYang_Refunded_receipt.pdf
	; Duplicate charge refuned, but we still pay Stripe fee.
	Expenses:Transaction Fees							$1.14
	Assets:Stripe									-$1.14

2018/08/31 Steven Michael (sartor07@gmail.com)
	; ReceiptURI: /receipt/ahBzfmpvaW4tdGhlLXVuaW9ucicLEhpTaW1wbGVGaW5hbmNpYWxUcmFuc2FjdGlvbhiAgICgrpOfCgw/0
	; Receipt: documentation/2018/08/31/Stripe_in_1D5JfZDuemkjpqMrBc7hhb8H_Receipt.json
	Income:Dues                                                                       $-29.00
		; :EnteredOnRoster:
		; MembershipExpires:: [2019/08/31]
	Assets:Stripe                                                                     $29.00
	Expenses:Transaction Fees                                                         $1.14
	Assets:Stripe                                                                     $-1.14

2018/09/03 ! IRS
	;Withholding $14/month Aug+Sep toward IRS 1023 use fee.
	;Just an earmark, no receipt
	Liability:Earmarks:IRS					-$14.00
	Equity:Earmarks						$14.00

2018/09/03 Corey A McDonald (camronm21@gmail.com)
	; ReceiptURI: /receipt/ahBzfmpvaW4tdGhlLXVuaW9ucicLEhpTaW1wbGVGaW5hbmNpYWxUcmFuc2FjdGlvbhiAgICg7vyJCgw/0
	; Receipt: documentation/2018/09/03/Stripe_in_1D6UUnDuemkjpqMrb8wP6fqm_Receipt.json
	Income:Dues                                                                       $-29.00
		; :EnteredOnRoster:
		; MembershipExpires:: [2019/09/03]
	Assets:Stripe                                                                     $29.00
	Expenses:Transaction Fees                                                         $1.14
	Assets:Stripe                                                                     $-1.14

2018/09/04 adam mahood (admahood@gmail.com)
	; ReceiptURI: /receipt/ahBzfmpvaW4tdGhlLXVuaW9ucicLEhpTaW1wbGVGaW5hbmNpYWxUcmFuc2FjdGlvbhiAgIDAgt-eCQw/0
	; Receipt: documentation/2018/09/04/Stripe_in_1D6jF2DuemkjpqMrDZxgmco9_Receipt.json
	Income:Dues                                                                       $-29.00
		; :EnteredOnRoster:
		; MembershipExpires:: [2019/09/04]
	Assets:Stripe                                                                     $29.00
	Expenses:Transaction Fees                                                         $1.14
	Assets:Stripe                                                                     $-1.14

2018/09/04 Caitlin Micaela Ryan (caitlin.m.ryan@gmail.com)
	; ReceiptURI: /receipt/ahBzfmpvaW4tdGhlLXVuaW9ucicLEhpTaW1wbGVGaW5hbmNpYWxUcmFuc2FjdGlvbhiAgIDA4MiaCQw/0
	; Receipt: documentation/2018/09/04/Stripe_in_1D6k4GDuemkjpqMrsvPMHaXC_Receipt.json
	Income:Dues                                                                       $-15.00
		; :EnteredOnRoster:
		; MembershipExpires:: [2019/03/04]
	Assets:Stripe                                                                     $15.00
	Expenses:Transaction Fees                                                         $0.73
	Assets:Stripe                                                                     $-0.73

2018/09/04 Hanson Smith (hansonsmith101@gmail.com)
	; ReceiptURI: /receipt/ahBzfmpvaW4tdGhlLXVuaW9ucicLEhpTaW1wbGVGaW5hbmNpYWxUcmFuc2FjdGlvbhiAgICg7piQCww/0
	; Receipt: documentation/2018/09/04/Stripe_in_1D6lQyDuemkjpqMr5cXUNOnv_Receipt.json
	Income:Dues                                                                       $-15.00
		; :EnteredOnRoster:
		; MembershipExpires:: [2019/03/04]
	Assets:Stripe                                                                     $15.00
	Expenses:Transaction Fees                                                         $0.73
	Assets:Stripe                                                                     $-0.73

2018/09/04 Logan Rae Gomez (x3Logan92@gmail.com)
	; ReceiptURI: /receipt/ahBzfmpvaW4tdGhlLXVuaW9ucicLEhpTaW1wbGVGaW5hbmNpYWxUcmFuc2FjdGlvbhiAgICA8MqBCww/0
	; Receipt: documentation/2018/09/04/Stripe_in_1D6lw2DuemkjpqMr6uJ8U3ZZ_Receipt.json
	Income:Dues                                                                       $-29.00
		; :EnteredOnRoster:
		; MembershipExpires:: [2019/09/04]
	Assets:Stripe                                                                     $29.00
	Expenses:Transaction Fees                                                         $1.14
	Assets:Stripe                                                                     $-1.14


2018/09/05 Parker Alexander Case (pcase13@gmail.com)
	; ReceiptURI: /receipt/ahBzfmpvaW4tdGhlLXVuaW9ucicLEhpTaW1wbGVGaW5hbmNpYWxUcmFuc2FjdGlvbhiAgIDA39KHCgw/0
	; Receipt: documentation/2018/09/05/Stripe_in_1D739VDuemkjpqMrvuwpAyxx_Receipt.json
	Income:Dues                                                                       $-29.00
		; :EnteredOnRoster:
		; MembershipExpires:: [2019/09/05]
	Assets:Stripe                                                                     $29.00
	Expenses:Transaction Fees                                                         $1.14
	Assets:Stripe                                                                     $-1.14

2018/09/05 Kathryn Joan Leslie (kathryn.leslie@colorado.edu)
	; ReceiptURI: /receipt/ahBzfmpvaW4tdGhlLXVuaW9ucicLEhpTaW1wbGVGaW5hbmNpYWxUcmFuc2FjdGlvbhiAgIDA386WCgw/0
	; Receipt: documentation/2018/09/05/Stripe_in_1D7APmDuemkjpqMrmU7FnQlZ_Receipt.json
	Income:Dues                                                                       $-29.00
		; :EnteredOnRoster:
		; MembershipExpires:: [2019/09/05]
	Assets:Stripe                                                                     $29.00
	Expenses:Transaction Fees                                                         $1.14
	Assets:Stripe                                                                     $-1.14

2018/09/05 Sean Charles Kenney (Seanckenney@gmail.com)
	; ReceiptURI: /receipt/ahBzfmpvaW4tdGhlLXVuaW9ucicLEhpTaW1wbGVGaW5hbmNpYWxUcmFuc2FjdGlvbhiAgICQ2piZCQw/0
	; Receipt: documentation/2018/09/05/Stripe_in_1D7DIfDuemkjpqMrzRwyMMei_Receipt.json
	Income:Dues                                                                       $-29.00
		; :EnteredOnRoster:
		; MembershipExpires:: [2019/09/05]
	Assets:Stripe                                                                     $29.00
	Expenses:Transaction Fees                                                         $1.14
	Assets:Stripe                                                                     $-1.14

2018/09/06 Xi Wang (oceans.edge@gmail.com)
	; ReceiptURI: /receipt/ahBzfmpvaW4tdGhlLXVuaW9ucicLEhpTaW1wbGVGaW5hbmNpYWxUcmFuc2FjdGlvbhiAgIDA35mPCgw/0
	; Receipt: documentation/2018/09/06/Stripe_in_1D7NSqDuemkjpqMr9KLhlxFz_Receipt.json
	Income:Dues                                                                       $-29.00
		; :EnteredOnRoster:
		; MembershipExpires:: [2019/09/05]
	Assets:Stripe                                                                     $29.00
	Expenses:Transaction Fees                                                         $1.14
	Assets:Stripe                                                                     $-1.14

2018/09/06 Sarah Tynen (sarah.tynen@colorado.edu)
	; ReceiptURI: /receipt/ahBzfmpvaW4tdGhlLXVuaW9ucicLEhpTaW1wbGVGaW5hbmNpYWxUcmFuc2FjdGlvbhiAgICA0v-SCww/0
	; Receipt: documentation/2018/09/06/Stripe_in_1D7PEkDuemkjpqMrr3ACBbcO_Receipt.json
	Income:Dues                                                                       $-29.00
		; :EnteredOnRoster:
		; MembershipExpires:: [2019/09/05]
	Assets:Stripe                                                                     $29.00
	Expenses:Transaction Fees                                                         $1.14
	Assets:Stripe                                                                     $-1.14

2018/09/06 Nathaniel Mathews (nathanielhm@gmail.com)
	; ReceiptURI: /receipt/ahBzfmpvaW4tdGhlLXVuaW9ucicLEhpTaW1wbGVGaW5hbmNpYWxUcmFuc2FjdGlvbhiAgIDA34OeCgw/0
	; Receipt: documentation/2018/09/06/Stripe_in_1D7PLsDuemkjpqMrYEdtbc7k_Receipt.json
	Income:Dues                                                                       $-29.00
		; :EnteredOnRoster:
		; MembershipExpires:: [2019/09/05]
	Assets:Stripe                                                                     $29.00
	Expenses:Transaction Fees                                                         $1.14
	Assets:Stripe                                                                     $-1.14

2018/09/06 Lucas Gagnon (lucasrgagnon@gmail.com)
	; ReceiptURI: /receipt/ahBzfmpvaW4tdGhlLXVuaW9ucicLEhpTaW1wbGVGaW5hbmNpYWxUcmFuc2FjdGlvbhiAgICg15GBCgw/0
	; Receipt: documentation/2018/09/06/Stripe_in_1D7b8FDuemkjpqMrjA2Pm1dl_Receipt.json
	Income:Dues                                                                       $-29.00
		; :EnteredOnRoster:
		; MembershipExpires:: [2019/09/06]
	Assets:Stripe                                                                     $29.00
	Expenses:Transaction Fees                                                         $1.14
	Assets:Stripe                                                                     $-1.14

2018/09/06 Sarah Baumann (baumannsarahp@gmail.com)
	; ReceiptURI: /receipt/ahBzfmpvaW4tdGhlLXVuaW9ucicLEhpTaW1wbGVGaW5hbmNpYWxUcmFuc2FjdGlvbhiAgICgjbyBCQw/0
	; Receipt: documentation/2018/09/06/Stripe_in_1D7bCoDuemkjpqMr4N78fvgs_Receipt.json
	Income:Dues                                                                       $-29.00
		; :EnteredOnRoster:
		; MembershipExpires:: [2019/09/06]
	Assets:Stripe                                                                     $29.00
	Expenses:Transaction Fees                                                         $1.14
	Assets:Stripe                                                                     $-1.14

2018/09/07 Sarah Salmon (Sarah.K.Salmon@gmail.com)
	; ReceiptURI: /receipt/ahBzfmpvaW4tdGhlLXVuaW9ucicLEhpTaW1wbGVGaW5hbmNpYWxUcmFuc2FjdGlvbhiAgIDAosydCgw/0
	; Receipt: documentation/2018/09/07/Stripe_in_1D7nvyDuemkjpqMrSh1dPvwi_Receipt.json
	Income:Dues                                                                       $-29.00
		; :EnteredOnRoster:
		; MembershipExpires:: [2019/09/07]
	Assets:Stripe                                                                     $29.00
	Expenses:Transaction Fees                                                         $1.14
	Assets:Stripe                                                                     $-1.14

2018/09/07 Katharine Adamyk (Katharine.adamyk@gmail.com)
	; ReceiptURI: /receipt/ahBzfmpvaW4tdGhlLXVuaW9ucicLEhpTaW1wbGVGaW5hbmNpYWxUcmFuc2FjdGlvbhiAgIDAv-yICgw/0
	; Receipt: documentation/2018/09/07/Stripe_in_1D7nxCDuemkjpqMrXOeZKGGJ_Receipt.json
	Income:Dues                                                                       $-29.00
		; :EnteredOnRoster:
		; MembershipExpires:: [2019/09/07]
	Assets:Stripe                                                                     $29.00
	Expenses:Transaction Fees                                                         $1.14
	Assets:Stripe                                                                     $-1.14

2018/09/07 Michael Lauria (michael.david.lauria@gmail.com)
	; ReceiptURI: /receipt/ahBzfmpvaW4tdGhlLXVuaW9ucicLEhpTaW1wbGVGaW5hbmNpYWxUcmFuc2FjdGlvbhiAgIDAooGTCQw/0
	; Receipt: documentation/2018/09/07/Stripe_in_1D7oAjDuemkjpqMroYFz4hZa_Receipt.json
	Income:Dues                                                                       $-29.00
		; :EnteredOnRoster:
		; MembershipExpires:: [2019/09/07]
	Assets:Stripe                                                                     $29.00
	Expenses:Transaction Fees                                                         $1.14
	Assets:Stripe                                                                     $-1.14

2018/09/07 Tyler Eugene Schrock (tyler@tylerschrock.com)
	; ReceiptURI: /receipt/ahBzfmpvaW4tdGhlLXVuaW9ucicLEhpTaW1wbGVGaW5hbmNpYWxUcmFuc2FjdGlvbhiAgIDAv-yICQw/0
	; Receipt: documentation/2018/09/07/Stripe_in_1D7oFmDuemkjpqMrhR9edtBO_Receipt.json
	Income:Dues                                                                       $-29.00
		; :EnteredOnRoster:
		; MembershipExpires:: [2019/09/07]
	Assets:Stripe                                                                     $29.00
	Expenses:Transaction Fees                                                         $1.14
	Assets:Stripe                                                                     $-1.14

2018/09/07 Athena Sparks (Athena.c.sparks@gmail.com)
	; ReceiptURI: /receipt/ahBzfmpvaW4tdGhlLXVuaW9ucicLEhpTaW1wbGVGaW5hbmNpYWxUcmFuc2FjdGlvbhiAgIDAgcLGCgw/0
	; Receipt: documentation/2018/09/07/Stripe_in_1D7sadDuemkjpqMrRtDPkNZh_Receipt.json
	Income:Dues                                                                       $-29.00
		; :EnteredOnRoster:
		; MembershipExpires:: [2019/09/07]
	Assets:Stripe                                                                     $29.00
	Expenses:Transaction Fees                                                         $1.14
	Assets:Stripe                                                                     $-1.14

2018/09/07 Jordan Wheeler (Wheeler1711@gmail.com)
	; ReceiptURI: /receipt/ahBzfmpvaW4tdGhlLXVuaW9ucicLEhpTaW1wbGVGaW5hbmNpYWxUcmFuc2FjdGlvbhiAgICA46rbCgw/0
	; Receipt: documentation/2018/09/07/Stripe_in_1D7shkDuemkjpqMrdkAyRcu2_Receipt.json
	Income:Dues                                                                       $-15.00
		; :EnteredOnRoster:
		; MembershipExpires:: [2019/03/07]
	Assets:Stripe                                                                     $15.00
	Expenses:Transaction Fees                                                         $0.73
	Assets:Stripe                                                                     $-0.73

2018/09/07 Colton Crosman Grainger (colton.grainger@gmail.com)
	; ReceiptURI: /receipt/ahBzfmpvaW4tdGhlLXVuaW9ucicLEhpTaW1wbGVGaW5hbmNpYWxUcmFuc2FjdGlvbhiAgIDAosydCww/0
	; Receipt: documentation/2018/09/07/Stripe_in_1D7vehDuemkjpqMrpyUE7udi_Receipt.json
	Income:Dues                                                                       $-29.00
		; :EnteredOnRoster:
		; MembershipExpires:: [2019/09/07]
	Assets:Stripe                                                                     $29.00
	Expenses:Transaction Fees                                                         $1.14
	Assets:Stripe                                                                     $-1.14

2018/09/08 Wagma Mommandi (wagma.mommandi@gmail.com)
	; ReceiptURI: /receipt/ahBzfmpvaW4tdGhlLXVuaW9ucicLEhpTaW1wbGVGaW5hbmNpYWxUcmFuc2FjdGlvbhiAgICQ2q2dCgw/0
	; Receipt: documentation/2018/09/08/Stripe_in_1D874LDuemkjpqMrZieewu7B_Receipt.json
	Income:Dues                                                                       $-15.00
		; :EnteredOnRoster:
		; MembershipExpires:: [2019/03/08]
	Assets:Stripe                                                                     $15.00
	Expenses:Transaction Fees                                                         $0.73
	Assets:Stripe                                                                     $-0.73

2018/09/08 Anna Isabel Spiers (aispiers17@gmail.com)
	; ReceiptURI: /receipt/ahBzfmpvaW4tdGhlLXVuaW9ucicLEhpTaW1wbGVGaW5hbmNpYWxUcmFuc2FjdGlvbhiAgIDgpp2RCgw/0
	; Receipt: documentation/2018/09/08/Stripe_in_1D8J2pDuemkjpqMrypDFT52h_Receipt.json
	Income:Dues                                                                       $-29.00
		; :EnteredOnRoster:
		; MembershipExpires:: [2019/09/08]
	Assets:Stripe                                                                     $29.00
	Expenses:Transaction Fees                                                         $1.14
	Assets:Stripe                                                                     $-1.14

2018/09/09 Andrew Waldeck-Young (andrew.waldeck.young@gmail.com)
	; ReceiptURI: /receipt/ahBzfmpvaW4tdGhlLXVuaW9ucicLEhpTaW1wbGVGaW5hbmNpYWxUcmFuc2FjdGlvbhiAgIDAwbSJCgw/0
	; Receipt: documentation/2018/09/09/Stripe_in_1D8ZFaDuemkjpqMrmrjhQyyh_Receipt.json
	Income:Dues                                                                       $-29.00
		; :EnteredOnRoster:
		; MembershipExpires:: [2019/09/09]
	Assets:Stripe                                                                     $29.00
	Expenses:Transaction Fees                                                         $1.14
	Assets:Stripe                                                                     $-1.14


2018/09/09 Anthony William Martillotti (martillotti.a@gmail.com)
	; ReceiptURI: /receipt/ahBzfmpvaW4tdGhlLXVuaW9ucicLEhpTaW1wbGVGaW5hbmNpYWxUcmFuc2FjdGlvbhiAgICAkdWICQw/0
	; Receipt: documentation/2018/09/09/Stripe_in_1D8eKUDuemkjpqMrQXohOi1F_Receipt.json
	Income:Dues                                                                       $-29.00
		; :EnteredOnRoster:
		; MembershipExpires:: [2019/09/09]
	Assets:Stripe                                                                     $29.00
	Expenses:Transaction Fees                                                         $1.14
	Assets:Stripe                                                                     $-1.14

2018/09/11 Samuel Peter Paskewitz (Sam_paskewitz@yahoo.com)
	; ReceiptURI: /receipt/ahBzfmpvaW4tdGhlLXVuaW9ucicLEhpTaW1wbGVGaW5hbmNpYWxUcmFuc2FjdGlvbhiAgIDA4riXCgw/0
	; Receipt: documentation/2018/09/11/Stripe_in_1D9DRkDuemkjpqMrMwuFiUOo_Receipt.json
	Income:Dues                                                                       $-29.00
		; :EnteredOnRoster:
		; MembershipExpires:: [2019/09/11]
	Assets:Stripe                                                                     $29.00
	Expenses:Transaction Fees                                                         $1.14
	Assets:Stripe                                                                     $-1.14

2018/09/11 Aaron Scott Crossman (Corissagreene@gmail.com)
	; ReceiptURI: /receipt/ahBzfmpvaW4tdGhlLXVuaW9ucicLEhpTaW1wbGVGaW5hbmNpYWxUcmFuc2FjdGlvbhiAgIDA4riXCQw/0
	; Receipt: documentation/2018/09/11/Stripe_in_1D9DwjDuemkjpqMrBRIP3OHO_Receipt.json
	Income:Dues                                                                       $-29.00
		; :EnteredOnRoster:
		; MembershipExpires:: [2019/09/11]
	Assets:Stripe                                                                     $29.00
	Expenses:Transaction Fees                                                         $1.14
	Assets:Stripe                                                                     $-1.14

2018/09/12 Rohini Chandra (rohinichandra11@gmail.com)
	; ReceiptURI: /receipt/ahBzfmpvaW4tdGhlLXVuaW9ucicLEhpTaW1wbGVGaW5hbmNpYWxUcmFuc2FjdGlvbhiAgICg3pGRCgw/0
	; Receipt: documentation/2018/09/12/Stripe_in_1D9YFTDuemkjpqMruaLjgWha_Receipt.json
	Income:Dues                                                                       $-29.00
		; :EnteredOnRoster:
		; MembershipExpires:: [2019/09/12]
	Assets:Stripe                                                                     $29.00
	Expenses:Transaction Fees                                                         $1.14
	Assets:Stripe                                                                     $-1.14

2018/09/13 Alexis de Coning (lexi.deconing@gmail.com)
	; ReceiptURI: /receipt/ahBzfmpvaW4tdGhlLXVuaW9ucicLEhpTaW1wbGVGaW5hbmNpYWxUcmFuc2FjdGlvbhiAgIDA0PCCCgw/0
	; Receipt: documentation/2018/09/13/Stripe_in_1D9x3uDuemkjpqMrNKNxmJ5v_Receipt.json
	Income:Dues                                                                       $-29.00
		; :EnteredOnRoster:
		; MembershipExpires:: [2019/09/13]
	Assets:Stripe                                                                     $29.00
	Expenses:Transaction Fees                                                         $1.14
	Assets:Stripe                                                                     $-1.14

2018/09/13 Deidre Jaeger (deja8987@colorado.edu)
	; ReceiptURI: /receipt/ahBzfmpvaW4tdGhlLXVuaW9ucicLEhpTaW1wbGVGaW5hbmNpYWxUcmFuc2FjdGlvbhiAgICA8uyRCgw/0
	; Receipt: documentation/2018/09/13/Stripe_in_1DA2sLDuemkjpqMrOqn4nXnY_Receipt.json
	Income:Dues                                                                       $-29.00
		; :EnteredOnRoster:
		; MembershipExpires:: [2019/09/13]
	Assets:Stripe                                                                     $29.00
	Expenses:Transaction Fees                                                         $1.14
	Assets:Stripe                                                                     $-1.14

2018/09/14 Alexander P. Standen (alexstanden@gmail.com)
	; ReceiptURI: /receipt/ahBzfmpvaW4tdGhlLXVuaW9ucicLEhpTaW1wbGVGaW5hbmNpYWxUcmFuc2FjdGlvbhiAgICgzeSNCgw/0
	; Receipt: documentation/2018/09/14/Stripe_in_1DALPCDuemkjpqMroZ8w8Nol_Receipt.json
	Income:Dues                                                                       $-29.00
		; :EnteredOnRoster:
		; MembershipExpires:: [2019/09/14]
	Assets:Stripe                                                                     $29.00
	Expenses:Transaction Fees                                                         $1.14
	Assets:Stripe                                                                     $-1.14


2018/09/14 Bianca Frazer (bianca.c.frazer@gmail.com)
	; ReceiptURI: /receipt/ahBzfmpvaW4tdGhlLXVuaW9ucicLEhpTaW1wbGVGaW5hbmNpYWxUcmFuc2FjdGlvbhiAgIDA_-KTCgw/0
	; Receipt: documentation/2018/09/14/Stripe_in_1DAQviDuemkjpqMrXnSMbZMQ_Receipt.json
	Income:Dues                                                                       $-15.00
		; :EnteredOnRoster:
		; MembershipExpires:: [2019/03/14]
	Assets:Stripe                                                                     $15.00
	Expenses:Transaction Fees                                                         $0.73
	Assets:Stripe                                                                     $-0.73

2018/09/15 Johnathan Richard Stauffer (jrstauffer21@gmail.com)
	; ReceiptURI: /receipt/ahBzfmpvaW4tdGhlLXVuaW9ucicLEhpTaW1wbGVGaW5hbmNpYWxUcmFuc2FjdGlvbhiAgIDgxdGbCgw/0
	; Receipt: documentation/2018/09/15/Stripe_in_1DAoYhDuemkjpqMrOnQ6EEON_Receipt.json
	Income:Dues                                                                       $-29.00
		; :EnteredOnRoster:
		; MembershipExpires:: [2019/09/15]
	Assets:Stripe                                                                     $29.00
	Expenses:Transaction Fees                                                         $1.14
	Assets:Stripe                                                                     $-1.14

2018/09/16 Alexander Samir Hatoum (alexander.hatoum@utexas.edu)
	; ReceiptURI: /receipt/ahBzfmpvaW4tdGhlLXVuaW9ucicLEhpTaW1wbGVGaW5hbmNpYWxUcmFuc2FjdGlvbhiAgICQmP2fCQw/0
	; Receipt: documentation/2018/09/16/Stripe_in_1DB4z2DuemkjpqMrHFAhcZLe_Receipt.json
	Income:Dues                                                                       $-15.00
		; :EnteredOnRoster:
		; MembershipExpires:: [2019/03/16]
	Assets:Stripe                                                                     $15.00
	Expenses:Transaction Fees                                                         $0.73
	Assets:Stripe                                                                     $-0.73

2018/09/17 Jacob Labe Russin (jlrussin@gmail.com)
	; ReceiptURI: /receipt/ahBzfmpvaW4tdGhlLXVuaW9ucicLEhpTaW1wbGVGaW5hbmNpYWxUcmFuc2FjdGlvbhiAgICQmZyfCQw/0
	; Receipt: documentation/2018/09/17/Stripe_in_1DBYtrDuemkjpqMrrRHcLA4Z_Receipt.json
	Income:Dues                                                                       $-15.00
		; :EnteredOnRoster:
		; MembershipExpires:: [2019/09/17]
	Assets:Stripe                                                                     $15.00
	Expenses:Transaction Fees                                                         $0.73
	Assets:Stripe                                                                     $-0.73

2018/09/18 Kiera Emily van der Sande (kiera.vds@gmail.com)
	; ReceiptURI: /receipt/ahBzfmpvaW4tdGhlLXVuaW9ucicLEhpTaW1wbGVGaW5hbmNpYWxUcmFuc2FjdGlvbhiAgICg9-yaCgw/0
	; Receipt: documentation/2018/09/18/Stripe_in_1DBl5ODuemkjpqMrZHJftCIi_Receipt.json
	Income:Dues                                                                       $-29.00
		; :EnteredOnRoster:
		; MembershipExpires:: [2019/09/18]
	Assets:Stripe                                                                     $29.00
	Expenses:Transaction Fees                                                         $1.14
	Assets:Stripe                                                                     $-1.14

2018/09/18 Ginnie Logan (Ginnie.logan@gmail.com)
	; ReceiptURI: /receipt/ahBzfmpvaW4tdGhlLXVuaW9ucicLEhpTaW1wbGVGaW5hbmNpYWxUcmFuc2FjdGlvbhiAgICA8suVCgw/0
	; Receipt: documentation/2018/09/18/Stripe_in_1DBoq3DuemkjpqMrN57U0QsY_Receipt.json
	Income:Dues                                                                       $-29.00
		; :EnteredOnRoster:
		; MembershipExpires:: [2019/09/18]
	Assets:Stripe                                                                     $29.00
	Expenses:Transaction Fees                                                         $1.14
	Assets:Stripe                                                                     $-1.14

2018/09/19 Colin Thornton Ackerman (ackermanct@gmail.com)
	; ReceiptURI: /receipt/ahBzfmpvaW4tdGhlLXVuaW9ucicLEhpTaW1wbGVGaW5hbmNpYWxUcmFuc2FjdGlvbhiAgICA0d2TCQw/0
	; Receipt: documentation/2018/09/19/Stripe_in_1DC7DmDuemkjpqMrLIbTe4ba_Receipt.json
	Income:Dues                                                                       $-29.00
		; :EnteredOnRoster:
		; MembershipExpires:: [2019/09/19]
	Assets:Stripe                                                                     $29.00
	Expenses:Transaction Fees                                                         $1.14
	Assets:Stripe                                                                     $-1.14


2018/09/20 Christopher Charles Barnes  (chris.charles.barnes@gmail.com)
	; ReceiptURI: /receipt/ahBzfmpvaW4tdGhlLXVuaW9ucicLEhpTaW1wbGVGaW5hbmNpYWxUcmFuc2FjdGlvbhiAgICAk62FCQw/0
	; Receipt: documentation/2018/09/20/Stripe_in_1DCa7RDuemkjpqMrdUJYPcne_Receipt.json
	Income:Dues                                                                       $-29.00
		; :EnteredOnRoster:
		; MembershipExpires:: [2019/09/20]
	Assets:Stripe                                                                     $29.00
	Expenses:Transaction Fees                                                         $1.14
	Assets:Stripe                                                                     $-1.14


2018/09/22 Cheryl Layne Braden (cherie.braden@gmail.com)
	; ReceiptURI: /receipt/ahBzfmpvaW4tdGhlLXVuaW9ucicLEhpTaW1wbGVGaW5hbmNpYWxUcmFuc2FjdGlvbhiAgICAipKCCgw/0
	; Receipt: documentation/2018/09/22/Stripe_in_1DD6xuDuemkjpqMrizUlAN4X_Receipt.json
	Income:Dues                                                                       $-29.00
		; :EnteredOnRoster:
		; MembershipExpires:: [2019/09/22]
	Assets:Stripe                                                                     $29.00
	Expenses:Transaction Fees                                                         $1.14
	Assets:Stripe                                                                     $-1.14

2018/09/22 Samantha Lee Allen (samanthalee36@gmail.com)
	; ReceiptURI: /receipt/ahBzfmpvaW4tdGhlLXVuaW9ucicLEhpTaW1wbGVGaW5hbmNpYWxUcmFuc2FjdGlvbhiAgICQ2aSUCQw/0
	; Receipt: documentation/2018/09/22/Stripe_in_1DDIaPDuemkjpqMrE1cVTiFu_Receipt.json
	Income:Dues                                                                       $-15.00
		; :EnteredOnRoster:
		; MembershipExpires:: [2019/03/22]
	Assets:Stripe                                                                     $15.00
	Expenses:Transaction Fees                                                         $0.73
	Assets:Stripe                                                                     $-0.73

2018/09/22 Brandon Daniels
	; Receipt: documentation/2018/09/22/luncheon_receipt.jpeg
	Expenses:Meetings					$52.15
	Expenses:Meetings					$10.00
		; Delivery tip
	Liability:Accounts Payable:Brandon Daniels		-$62.15

2018/09/23 Suzanne Craig (muerarashaye@gmail.com)
	; ReceiptURI: /receipt/ahBzfmpvaW4tdGhlLXVuaW9ucicLEhpTaW1wbGVGaW5hbmNpYWxUcmFuc2FjdGlvbhiAgIDA4ZSeCgw/0
	; Receipt: documentation/2018/09/23/Stripe_in_1DDjEkDuemkjpqMr3jOLG88f_Receipt.json
	Income:Dues                                                                       $-15.00
		; :EnteredOnRoster:
		; MembershipExpires:: [2019/03/23]
	Assets:Stripe                                                                     $15.00
	Expenses:Transaction Fees                                                         $0.73
	Assets:Stripe                                                                     $-0.73

2018/09/24 Judith Olson (Olson.Judith.B@gmail.com)
	; ReceiptURI: /receipt/ahBzfmpvaW4tdGhlLXVuaW9ucicLEhpTaW1wbGVGaW5hbmNpYWxUcmFuc2FjdGlvbhiAgICAiumKCgw/0
	; Receipt: documentation/2018/09/24/Stripe_in_1DDwp2DuemkjpqMroeMX5Z4Y_Receipt.json
	Income:Dues                                                                       $-29.00
		; :EnteredOnRoster:
		; MembershipExpires:: [2019/09/24]
	Assets:Stripe                                                                     $29.00
	Expenses:Transaction Fees                                                         $1.14
	Assets:Stripe                                                                     $-1.14

2018/09/24 Arielle Hardy (arielle.hardy@colorado.edu)
	; ReceiptURI: /receipt/ahBzfmpvaW4tdGhlLXVuaW9ucicLEhpTaW1wbGVGaW5hbmNpYWxUcmFuc2FjdGlvbhiAgICAiumKCww/0
	; Receipt: documentation/2018/09/24/Stripe_in_1DDzqlDuemkjpqMra35yebzC_Receipt.json
	Income:Dues                                                                       $-3.00
		; :EnteredOnRoster:
		; MembershipExpires:: [2018/10/24]
	Assets:Stripe                                                                     $3.00
	Expenses:Transaction Fees                                                         $0.38
	Assets:Stripe                                                                     $-0.38

2018/09/25 Christopher Bopp (chris.bopp@gmail.com)
	; ReceiptURI: /receipt/ahBzfmpvaW4tdGhlLXVuaW9ucicLEhpTaW1wbGVGaW5hbmNpYWxUcmFuc2FjdGlvbhiAgICggb2NCgw/0
	; Receipt: documentation/2018/09/25/Stripe_in_1DERxCDuemkjpqMrsyGIHCSQ_Receipt.json
	Income:Dues                                                                       $-29.00
		; :EnteredOnRoster:
		; MembershipExpires:: [2019/09/25]
	Assets:Stripe                                                                     $29.00
	Expenses:Transaction Fees                                                         $1.14
	Assets:Stripe                                                                     $-1.14

2018/09/25 Tara Grace Walker (taragracewalker@gmail.com)
	; ReceiptURI: /receipt/ahBzfmpvaW4tdGhlLXVuaW9ucicLEhpTaW1wbGVGaW5hbmNpYWxUcmFuc2FjdGlvbhiAgICA056SCgw/0
	; Receipt: documentation/2018/09/25/Stripe_in_1DERydDuemkjpqMrfe7kUyaB_Receipt.json
	Income:Dues                                                                       $-29.00
		; :EnteredOnRoster:
		; MembershipExpires:: [2019/09/25]
	Assets:Stripe                                                                     $29.00
	Expenses:Transaction Fees                                                         $1.14
	Assets:Stripe                                                                     $-1.14

2018/09/26 Michael Warren Cook (cook.michaelwarren@gmail.com)
	; ReceiptURI: /receipt/ahBzfmpvaW4tdGhlLXVuaW9ucicLEhpTaW1wbGVGaW5hbmNpYWxUcmFuc2FjdGlvbhiAgIDglLCDCQw/0
	; Receipt: documentation/2018/09/26/Stripe_in_1DEY2cDuemkjpqMreW6GAQFr_Receipt.json
	Income:Dues                                                                       $-15.00
		; :EnteredOnRoster:
		; MembershipExpires:: [2019/03/26]
	Assets:Stripe                                                                     $15.00
	Expenses:Transaction Fees                                                         $0.73
	Assets:Stripe                                                                     $-0.73

2018/09/26 Miles Patrick Davis (miles.patrick00@gmail.com)
	; ReceiptURI: /receipt/ahBzfmpvaW4tdGhlLXVuaW9ucicLEhpTaW1wbGVGaW5hbmNpYWxUcmFuc2FjdGlvbhiAgICggaecCgw/0
	; Receipt: documentation/2018/09/26/Stripe_in_1DEcyqDuemkjpqMr6jRpLVZJ_Receipt.json
	Income:Dues                                                                       $-29.00
		; :EnteredOnRoster:
		; MembershipExpires:: [2019/09/26]
	Assets:Stripe                                                                     $29.00
	Expenses:Transaction Fees                                                         $1.14
	Assets:Stripe                                                                     $-1.14

2018/09/26 Sara Ann Stapleton (saraastapleton@gmail.com)
	; ReceiptURI: /receipt/ahBzfmpvaW4tdGhlLXVuaW9ucicLEhpTaW1wbGVGaW5hbmNpYWxUcmFuc2FjdGlvbhiAgIDA0q3PCAw/0
	; Receipt: documentation/2018/09/26/Stripe_in_1DEj7wDuemkjpqMrkA5S0SM8_Receipt.json
	Income:Dues                                                                       $-29.00
		; :EnteredOnRoster:
		; MembershipExpires:: [2019/09/26]
	Assets:Stripe                                                                     $29.00
	Expenses:Transaction Fees                                                         $1.14
	Assets:Stripe                                                                     $-1.14

2018/09/29 Scott Eli Waters (eliwaters18@gmail.com)
	; ReceiptURI: /receipt/ahBzfmpvaW4tdGhlLXVuaW9ucicLEhpTaW1wbGVGaW5hbmNpYWxUcmFuc2FjdGlvbhiAgICAypqfCQw/0
	; Receipt: documentation/2018/09/29/Stripe_in_1DFlxeDuemkjpqMrerSoxoKx_Receipt.json
	Income:Dues                                                                       $-29.00
		; :EnteredOnRoster:
		; MembershipExpires:: [2019/09/29]
	Assets:Stripe                                                                     $29.00
	Expenses:Transaction Fees                                                         $1.14
	Assets:Stripe                                                                     $-1.14

2018/10/01 Albany Thompson (thompsonalbany@gmail.com)
	; ReceiptURI: /receipt/ahBzfmpvaW4tdGhlLXVuaW9ucicLEhpTaW1wbGVGaW5hbmNpYWxUcmFuc2FjdGlvbhiAgICgwYGaCgw/0
	; Receipt: documentation/2018/10/01/Stripe_in_1DGUvgDuemkjpqMrMSFoB6CA_Receipt.json
	Income:Dues                                                                       $-15.00
		; :EnteredOnRoster:
		; MembershipExpires:: [2019/04/01]
	Assets:Stripe                                                                     $15.00
	Expenses:Transaction Fees                                                         $0.73
	Assets:Stripe                                                                     $-0.73

2018/10/02 Brandon Daniels
	; Statement: documentation/2018/10/02/brandon_daniels_reimbursement.pdf
	Accrued:Venmo						-$62.15
	Liability:Accounts Payable:Brandon Daniels		$62.15

2018/10/02 Venmo
	;Receipt: documentation/2018/10/02/venmo_transfer.pdf
	Accrued:Venmo						-$269.85
	Assets:Checking						$269.85
